2528 4038
122 236 166 304 86
380 288 383 294 .
449 233 488 292 ll.
505 235 589 292 VAL.
608 231 807 290 manumms

11 401 18 412 '
140 400 383 469 ellxcideratns
406 399 486 468 adeo
509 397 615 466 fatum
637 397 700 464 tibi
722 397 865 466 nominis
887 395 1005 481 huius,

211 489 329 558 Obruit
351 489 481 556 Actiaci
503 488 590 572 quod
613 487 724 574 gravis
747 487 798 554 ire
819 486 920 554 freti?

167 580 221 646 An
243 579 306 646 tibi
326 577 478 665 promisit
500 575 633 642 Rhenus
658 574 744 662 quod
767 596 835 642 non
857 574 947 642 dedit
970 573 1029 640 illi

211 667 322 751 Nilus,
346 671 379 734 et
401 666 533 732 Arctois
556 665 630 750 plus
654 663 801 730 licuisset
825 663 940 750 aquis?

33 789 34 792 ¹
167 756 228 823 llle
251 757 350 823 etiam
372 754 494 821 nostris
517 751 683 819 Antonius
707 751 826 818 oceidit
849 751 963 835 ermis,

28 887 30 891 -
125 861 158 912 ro
212 841 275 922 Qui
297 843 360 912 tibi
383 843 537 926 collatus,
559 841 697 928 perfido,
719 838 842 908 Caesar
865 845 945 907 erat.

593 981 667 1050 xm

167 1081 276 1167 Nulli,
297 1081 395 1168 Thai,
416 1101 532 1168 negas,
554 1079 610 1146 sed
633 1081 662 1146 si
683 1083 718 1146 te
740 1101 807 1146 non
829 1078 928 1166 pudet
950 1079 1061 1166 istud,
1111 1046 1113 1049 V

212 1169 283 1238 Hoc
307 1172 418 1238 saltim
440 1169 574 1258 pudeat,
597 1168 696 1254 Thai,
718 1189 839 1257 negare
862 1169 955 1234 nihil.

169 1408 319 1496 Claudia,
341 1409 438 1494 Rufe,
460 1430 533 1476 meo
556 1409 651 1474 nubit
674 1408 851 1494 Peregrina
872 1407 1030 1476 Pudenti:
1085 1488 1091 1498 ¹

214 1498 321 1566 Macte
344 1503 416 1566 esto
439 1498 556 1580 taedis,
579 1521 599 1564 o
622 1496 823 1582 Hymenaee,
846 1497 921 1564 tuis.
1015 1549 1016 1552 ,

169 1585 250 1652 Tam
274 1587 355 1653 bene
377 1609 453 1652 rara
476 1609 535 1652 suo
558 1586 734 1652 miscentur
757 1585 907 1652 cinnama
928 1587 1050 1672 nardo,

214 1675 357 1742 Massica
379 1675 515 1742 Theseis
538 1678 607 1740 tem
629 1675 712 1740 bene
736 1675 812 1740 vina
833 1675 933 1760 favis3

144 1763 240 1831 uNee
262 1764 380 1832 melius
402 1765 523 1830 teneris
545 1765 724 1850 iunguntur
745 1764 867 1830 vitibus
891 1763 988 1848 ulmi,

218 1851 288 1919 Noc
309 1853 384 1938 plus
407 1852 493 1920 lotos
517 1875 631 1938 aquas,
653 1851 752 1918 litora
776 1857 902 1937 myrtus
925 1859 1030 1920 amat.

171 1941 320 2010 Candida
341 1945 499 2028 perpetuo
522 1942 641 2026 reside,
664 1939 858 2027 Concordia,
881 1942 983 2026 lecto,

215 2031 361 2116 'lamque
384 2031 456 2116 pari
479 2051 606 2115 semper
629 2029 673 2096 sit
695 2028 807 2096 Venus
831 2052 935 2118 aequa
957 2032 1058 2120 iugo:

171 2119 299 2206 Diligat
321 2119 380 2184 illa
403 2139 512 2184 senem
536 2117 712 2204 quondam,
736 2119 793 2184 sed
816 2123 849 2185 et
871 2123 944 2204 ipsa
968 2125 1093 2191 marito

129 2225 162 2276 ιο
217 2208 300 2274 Tum
323 2228 463 2294 quoque,
487 2228 560 2272 cum
582 2206 694 2292 fuerit,
717 2229 783 2274 non
805 2207 953 2275 rideatur
977 2207 1090 2281 anus.-

590 2346 677 2414 XIV.

171 2436 247 2525 Sili,
269 2436 470 2504 Castalidum
494 2437 588 2502 decus
613 2459 775 2517 sororum,

172 2525 236 2605 Qui
258 2527 400 2612 periuria
422 2526 555 2592 barbari
577 2525 694 2591 furoris

171 2613 302 2701 Ingenti
322 2615 445 2700 'premis
468 2637 524 2680 ore
548 2613 749 2702 perfidosque

172 2705 273 2768 Astus
297 2701 492 2768 Hannibalis
515 2703 666 2788 levesque
689 2703 817 2770 Poenos
911 2783 913 2786 Ι

146 2791 302 2876 ollagnis
325 2790 437 2857 cedere
460 2792 549 2878 cogis
573 2793 750 2858 Africanis:

105 2888 108 2893 '
171 2879 311 2945 Paulum
334 2880 478 2965 seposita
500 2881 688 2966 severitate,

174 2967 261 3033 Dum
284 2967 406 3034 blanda
428 2991 532 3055 vagus
556 2969 628 3035 alea
652 2965 830 3037 December
951 3011 952 3014 =
996 2984 997 2988 ’

173 3055 309 3121 Incertis
333 3061 429 3124 sonat
451 3057 527 3123 hino
551 3062 585 3124 et
607 3059 682 3124 hino
705 3059 831 3124 fritillis

174 3144 219 3210 Et
241 3145 324 3210 ludit
346 3151 443 3233 tropa
464 3147 619 3232 nequiore
642 3147 725 3233 talo,

131 3249 164 3298 ro
174 3230 306 3299 Nostris
329 3237 399 3302 otia
422 3237 593 3302 commoda
615 3235 781 3321 Camenis,
963 3310 964 3314 ,

173 3319 242 3386 Nee
264 3327 359 3390 torva
383 3324 455 3410 lege
478 3325 600 3410 fronte,
623 3325 680 3392 sed
702 3327 839 3392 remissa

173 3407 318 3476 Lascivis
343 3412 488 3480 madidos
512 3414 592 3480 iocis
616 3415 755 3480 libellos.

177 3495 228 3562 Sic
251 3498 363 3566 forsan
385 3505 476 3566 tener
500 3525 597 3568 ausus
621 3506 672 3568 est
696 3501 846 3569 Catullus

174 3583 294 3671 Magno
320 3589 449 3654 mittere
472 3589 641 3657 Passerem
664 3591 799 3658 Maroni.
