2596 4034
162 189 228 257 216
490 187 528 246 M.
546 188 631 248 VAb.
650 185 850 244 mannans

622 349 720 418 LXV.

208 461 339 546 Alcide,
360 459 457 526 Latio
480 481 567 526 nunc
590 457 794 545 agnoscende
817 457 973 544 Tonanti,
1058 509 1062 515 .

105 563 106 566 ’
252 549 433 634 Postquam
456 547 594 634 pulchra
617 546 669 612 dei
692 544 841 612 Caesaris
865 569 924 613 ora
947 547 1047 634 geris,

209 637 244 706 Si
266 637 329 704 tibi
352 642 430 704 tuno
452 636 509 702 isti
534 637 643 702 vultus
664 635 863 720 habitusque
886 635 1039 719 fuissent,

253 725 430 793 Cesserunt
453 725 603 790 manibus
628 747 701 791 cnm
723 722 794 789 fera
816 729 964 790 monstra
986 725 1067 790 tuis:

183 814 366 902 oArgolico
389 812 550 878 famulum
572 831 643 880 non
661 817 694 878 te
718 812 838 878 servire
860 816 999 897 tyranno

253 903 423 968 Vidissent
445 906 559 988 gentes
583 923 743 987 saevaque
765 922 867 988 regna
889 902 973 986 pati,
1048 906 1050 910 ’

211 991 273 1059 Sed
297 996 334 1057 tu
356 990 507 1056 iussisses
530 990 732 1076 Eurysthea3
753 1011 814 1056 nec
837 990 899 1055 tibi
922 989 1024 1056 fallax

255 1079 427 1146 Portasset
449 1077 547 1143 Nessi
570 1079 694 1163 perfida
717 1078 801 1145 dona
824 1077 956 1164 Lichas,

210 1167 324 1235 Oetaei
347 1167 417 1232 sine
438 1167 512 1253 lege
535 1165 609 1254 rogi
631 1189 764 1234 securus
788 1167 910 1233 adisses

169 1273 200 1323 ro
256 1257 357 1322 Astra
379 1255 485 1342 patris
509 1256 641 1340 summi,
665 1277 747 1340 quae
770 1255 832 1320 tibi
855 1277 961 1342 poena
983 1255 1086 1340 dedit3

211 1344 314 1431 Lydia
335 1365 395 1410 nec
418 1343 567 1409 dominae
590 1344 746 1409 traxisses
769 1365 870 1430 pensa
894 1345 1067 1430 superbae,

255 1431 325 1499 Nec
348 1431 454 1520 Styga
476 1432 612 1498 vidisses
635 1432 892 1518 Tartareumque
916 1443 1045 1498 canem:

210 1518 306 1587 Nunc
329 1521 392 1586 tibi
414 1521 496 1586 Iuno
519 1520 623 1606 favet,
644 1543 730 1588 nuno
754 1525 786 1587 te
810 1525 868 1587 tua
892 1521 1002 1608 diligit
1024 1520 1132 1606 Hebe3

184 1695 185 1700 ἵ
255 1607 350 1675 Nunc
372 1614 406 1675 te
429 1610 458 1675 si
480 1608 588 1675 videat
610 1610 769 1696 nympha,
791 1611 938 1676 remittet
961 1609 1080 1695 Hylan.

614 1750 730 1818 LXVI.
822 1813 823 1816 ,

211 1856 303 1925 Uxor
325 1880 399 1926 cum
421 1857 483 1924 tibi
506 1859 550 1924 sit
572 1857 730 1940 formosa,
753 1847 882 1942 pudica,
905 1831 1027 1944 puelle,
1124 1897 1126 1902 ·

257 1945 327 2024 Quo
351 1947 413 2012 tibi
435 1951 587 2012 natorum
610 1945 696 2030 iura,
718 1944 868 2030 Fabulle,
890 1947 1014 2012 trium?

212 2033 305 2112 Quod
327 2035 411 2118 petis
436 2056 455 2100 a
477 2039 591 2100 nostro
615 2034 752 2120 supplex
774 2034 970 2120 dominoque
988 2035 1128 2121 deoque,

255 2123 305 2188 Tu
328 2123 422 2188 dabis
444 2122 515 2208 ipse
538 2123 614 2208 tibi,
633 2124 665 2187 si
687 2127 782 2208 potes
806 2127 958 2210 arrigere.

606 2280 738 2348 LXVII.
762 2325 785 2390 γ’

211 2388 383 2454 Lascivam
406 2391 479 2453 tota
501 2387 632 2472 possedi
654 2392 749 2454 nocte
772 2389 929 2474 puellam,

257 2474 356 2564 Cuius
379 2476 542 2562 nequitias
565 2477 695 2542 vincere
717 2499 812 2543 nemo
835 2482 955 2564 potest.

211 2563 329 2631 Fessus
353 2565 443 2630 mille
466 2565 571 2630 modis
594 2565 676 2630 illud
699 2566 822 2652 puerile
845 2566 993 2652 poposci:

256 2652 343 2718 Ante
367 2674 480 2738 preces
504 2656 592 2718 totas
615 2653 785 2739 primaque
808 2656 907 2721 verba
930 2655 1026 2721 dedit.

185 2741 396 2828 slmprobius
421 2741 572 2828 quiddam
595 2742 767 2828 ridensque
791 2745 974 2830 rubensque
996 2743 1124 2829 rogavi:

254 2829 409 2899 Pollicita
432 2835 483 2895 est
505 2831 595 2895 nulla
617 2831 783 2898 luxuriosa
806 2854 906 2899 mora.

94 2935 96 2941 “
212 2917 275 2986 Sed
298 2919 377 2984 mibi
401 2939 483 3004 pura
505 2919 582 3003 fuit3
604 2919 666 2984 tibi
688 2942 754 2986 non
777 2921 852 3001 erit,
874 2920 1050 3007 Aeschyle,
1074 2921 1103 2986 si
1128 2921 1191 2998 vis

254 3006 411 3092 Accipere
434 3007 497 3074 hoc
520 3029 636 3074 munus
659 3009 847 3075 condicione
870 3010 965 3077 mala.

597 3165 745 3233 nxvru.
769 3149 800 3263 vj

211 3270 294 3348 Quid
317 3271 379 3336 tibi
401 3272 571 3338 nobiscum
595 3278 658 3356 est,
680 3275 749 3338 ludi
772 3277 926 3342 scelerate
950 3275 1122 3364 magister,

254 3359 401 3424 Invisum
423 3361 532 3444 pueris
556 3361 801 3448 virginibusque
824 3365 942 3448 caput?
1280 3367 1287 3430 l

142 3500 143 3503 ,
210 3443 362 3512 Nondum
386 3447 514 3512 cristati
537 3469 653 3532 rupere
676 3451 808 3516 silentia
832 3454 925 3539 galli:

254 3532 419 3598 Murmure
442 3535 508 3600 iam
532 3557 628 3602 saevo
651 3538 902 3625 verberibusque
925 3545 1049 3617 tonas„
