2596 4032
172 221 239 308 340
501 239 540 298 u.
560 237 641 295 vm.
660 235 858 292 nummus
968 301 972 308 ,

235 401 441 472 CLXXXIV.
462 402 621 470 Homems
643 402 678 468 iu
695 400 909 486 popeicanum
931 397 1135 466 umbrosas.

217 509 296 578 Ilias
319 512 353 574 et
376 509 499 576 Priami
523 508 634 596 regnis
657 507 807 572 inimicus
831 504 945 572 Ulixes

261 597 438 684 Multiplici
460 598 583 685 pariter
606 596 737 664 condita
760 595 846 682 pelle
869 595 983 661 latent.

454 735 640 806 numu.
669 737 785 822 Verque
807 735 910 803 aaa.

220 845 339 932 Accipe
362 843 491 914 facundi
513 842 672 928 Culicem,
695 843 854 926 studiose,
877 840 1037 927 Maronis,

265 933 315 1000 Ne
337 935 476 1001 nucibus
499 933 617 1020 positis
640 950 738 1008 samu
761 948 943 1009 vmnuqun
966 931 1068 1016 legas.

353 1044 559 1143 ccxxxvi.
587 1073 742 1158 myrum
763 1074 799 1138 m
821 1072 1017 1138 mammam

221 1179 325 1259 Quam
348 1180 456 1246 brevis
479 1181 663 1245 inmensum
685 1178 772 1263 cepit
795 1174 986 1243 membrana
1006 1175 1208 1245 Maronem!

187 1273 188 1276 ’
266 1269 374 1356 Ipsius
398 1272 431 1334 et
452 1269 563 1334 vultus
586 1267 693 1354 prima
715 1265 841 1332 tabella
864 1265 958 1352 gerit.

401 1407 620 1475 CLXXXVII.
642 1407 850 1492 Μενάνδρου
874 1408 965 1484 Θαῒς.

114 1539 115 1543 ’
222 1515 294 1582 Hac
316 1515 457 1600 primum
480 1515 632 1580 iuvenum
656 1513 795 1580 lascivos
818 1511 900 1578 lusit
922 1533 1065 1596 amores3

267 1603 337 1671 Nec
359 1603 496 1689 Glycera
517 1603 623 1688 pueri,
647 1601 748 1666 Thais
772 1600 877 1666 amica
899 1598 971 1665 fuit.

365 1742 603 1811 CLXXXVIII.
626 1743 728 1810 Cicero
751 1743 786 1808 im
808 1741 1005 1808 membranis.
1136 1777 1138 1782 ν

225 1841 261 1908 Si
282 1863 389 1909 comes
412 1842 476 1908 ista
499 1839 561 1904 tibi
584 1841 684 1924 fuerit
707 1839 909 1923 membrana,
930 1839 1048 1922 putato

269 1929 408 2017 Carpere
431 1933 464 1996 tc
487 1929 604 2014 longas
628 1952 701 1996 cum
724 1926 880 1995 Cicerone
902 1927 983 1992 vias.

390 2068 593 2136 ccxxxix.
614 2069 809 2136 Monoecus
831 2068 985 2152 Properti.
1085 2043 1086 2046 ‘
1170 2031 1173 2035 ’

225 2175 368 2264 Cynthia
389 2213 427 2225 -
448 2175 580 2241 facundi
603 2197 731 2242 carmen
755 2175 903 2242 iuvenale
925 2173 1078 2258 Properti
1104 2210 1145 2221 -

269 2265 407 2350 Accepit
429 2265 564 2348 famam,
586 2286 653 2330 non
675 2267 782 2330 minus
806 2264 878 2350 ipsa
902 2261 999 2328 dedit.

380 2402 474 2471 CXC.
499 2405 589 2470 Titus
610 2405 722 2471 Maius
744 2407 778 2472 m
801 2403 994 2470 membranis.

226 2471 374 2570 palleus
398 2502 523 2590 exigua
549 2506 676 2568 artatur
698 2501 811 2567 maus
834 2501 964 2586 ingens,
1134 2568 1138 2575 ,

271 2591 372 2669 Quem
396 2614 468 2657 mea
490 2613 557 2656 non
579 2594 686 2656 totum
709 2590 909 2657 bibliotheca
935 2587 1031 2674 capit.

598 2730 777 2800 Sallustius.
818 2709 821 2714 Ι

227 2830 290 2896 Hic
313 2831 388 2914 crit,
412 2833 448 2894 ut
470 2827 643 2913 perhibent
665 2829 835 2894 doctorum
858 2826 955 2894 corda
977 2827 1138 2908 virorum,
1287 2811 1288 2900 l

272 2917 400 2983 Primus
424 2917 574 2983 Romana
597 2916 731 3004 Crispus
754 2919 788 2982 iu
810 2917 979 2982 historias
1057 2968 1058 2971 η
1182 2967 1184 2970 .

295 3057 420 3127 CXCII.
445 3059 534 3124 ovidi
555 3057 814 3140 Metamorphosis
835 3060 871 3123 im
893 3057 1089 3131 mautrauers.

229 3164 319 3232 Haec
341 3164 403 3229 tibi
422 3164 595 3250 multiplici
618 3185 699 3248 quae
723 3167 847 3228 structa
866 3167 917 3229 est
936 3184 1045 3228 massa
1063 3162 1207 3249 tabella,
1287 3197 1288 3230 l

274 3253 426 3321 Carmina
448 3251 590 3320 Nasonis
614 3253 755 3338 quinque
779 3251 953 3338 decemque
976 3251 1070 3338 gerit.

617 3393 766 3460 Tibullus

230 3491 325 3557 UssIt
348 3496 527 3557 amatorem
550 3489 699 3556 Nemesis
722 3491 845 3557 lasciva
868 3489 1057 3572 Tibullum,
1093 3465 1096 3470 ¹

274 3578 314 3642 In
337 3583 409 3644 tota
432 3580 515 3645 iuvit
538 3601 633 3664 quem
656 3579 736 3644 nihil
761 3601 832 3644 esse
855 3579 961 3644 domo.
