2528 4038
166 180 231 248 134
481 183 531 242 dt
550 183 634 242 VAL.
652 181 851 240 usuumuls

209 344 345 414 Munera
368 368 442 414 cum
465 351 577 435 posset
599 347 744 414 nondum
767 349 889 414 sentire
911 347 1056 434 patroni,

254 433 391 502 Glaucia
414 437 551 504 libertus
574 435 641 502 iam
663 435 811 502 Melioris
835 439 915 502 erat.

182 523 358 591 oddonibus
381 524 444 591 hoc
467 526 655 611 formaeque
679 524 805 591 datum:
829 525 901 611 quis
924 523 1076 590 blandior
1097 523 1177 588 illo?

253 612 322 678 Aut
344 613 417 698 quis
440 614 615 701 Apollineo
640 613 805 698 pulchrior
828 636 883 680 ore
906 613 992 679 fuit?

207 698 384 767 Inmodicis
407 702 517 769 brevis
541 707 592 770 est
614 705 705 770 aetas
729 707 763 768 et
785 725 861 768 rara
884 705 1042 770 senectus.

253 787 417 875 Quidquid
440 814 545 878 amas,
567 793 678 878 cupias
702 814 769 858 non
791 791 953 878 placuisse
974 791 1082 856 nimis.

622 949 723 1018 XXX.

209 1052 272 1120 Sex
295 1055 446 1121 sestertia
469 1057 498 1120 ei
521 1059 634 1124 statim
657 1057 814 1138 dedisses,
882 1051 890 1056 “
962 1133 964 1138 ,

210 1139 293 1210 Oum
316 1144 398 1210 dixti
420 1144 503 1210 mihi
524 1145 653 1231 „Sama
675 1147 770 1231 tolle,
793 1145 908 1232 dono“,

207 1231 467 1318 Deberem‘tibi,
489 1234 601 1319 Paete,
624 1257 683 1322 pro
706 1235 879 1302 ducentis.
1011 1235 1015 1238 ’

207 1320 255 1386 At
277 1344 363 1388 nunc
386 1344 458 1388 cum
482 1323 607 1390 dederis
631 1323 686 1390 diu
709 1330 868 1408 moratus,

183 1408 289 1476 oPost
312 1414 452 1496 septem,
474 1417 569 1498 puto,
591 1413 644 1478 vel
667 1433 785 1478 novem
808 1411 987 1498 Kalendas,
1015 1443 1016 1446 ¹
1142 1481 1144 1485 ⁴

208 1495 268 1563 Vis
292 1498 398 1566 dicam
421 1499 484 1565 tibi
507 1501 633 1566 veriora
656 1502 764 1569 veris?
960 1523 975 1566 κ

209 1584 273 1652 Sex
297 1587 461 1674 sestertia,
484 1588 598 1675 Paete,
621 1589 801 1675 perdidisti.

611 1747 728 1814 XXXI.

212 1849 367 1934 Uxorem,
391 1848 596 1937 Charideme,
619 1858 711 1919 tuam
734 1855 797 1920 scis
819 1853 890 1940 ipse
915 1852 1058 1940 sinisque

253 1938 285 2004 A
309 1938 433 2006 medico
456 1939 556 2006 futui:
580 1943 628 2008 vis
652 1943 721 2008 sinc
743 1942 834 2009 febre
857 1943 949 2010 mori.
1063 1999 1065 2006 .

603 2098 748 2168 XXXII.
807 2129 810 2134 ·

208 2204 292 2274 Oum
315 2204 480 2272 dubitaret
503 2205 607 2272 adhuc
631 2207 707 2272 belli
730 2206 836 2274 civilis
859 2207 962 2294 Enyo·
1087 2261 1089 2266 ,

252 2294 406 2361 Forsitan
429 2299 462 2360 et
485 2299 596 2379 posset
618 2295 746 2361 vincere
770 2296 878 2362 mollis
903 2295 1003 2382 Otho,

207 2383 386 2450 Damnavit
409 2384 513 2449 multo
538 2387 700 2449 staturum
724 2386 881 2470 sanguine
903 2384 1042 2452 Martem

253 2471 298 2537 ut
320 2471 404 2538 fodit
428 2477 517 2538 certa
539 2477 672 2557 pectora
694 2477 767 2538 tota
789 2495 896 2539 manu

181 2559 259 2628 cSit
282 2558 378 2646 (lato,
401 2561 479 2626 dum
501 2561 597 2645 vivit,
619 2583 697 2626 sane
720 2563 773 2628 vel
797 2560 936 2628 ansare
959 2562 1076 2628 maior:
1101 2635 1108 2645 ¹

162 2708 167 2716 ,
252 2649 339 2723 Dum
361 2651 514 2735 moritur,
536 2649 694 2735 numquid
716 2650 821 2716 maior
844 2650 973 2718 Othone
995 2651 1082 2717 fuit?

593 2807 746 2875 XXXIII.

206 2916 265 2984 Nil
281 2916 521 3000 miserabilius,
544 2914 672 3000 Matho,
695 2917 871 3003 paedicone
895 2916 1026 2984 Sabello

250 3005 387 3088 Vidisti,
412 3027 475 3090 quo
498 3005 546 3068 nil
570 3005 688 3070 laetius
712 3009 788 3071 anta
811 3006 883 3072 fuit.

205 3095 318 3174 Furta,
340 3093 452 3178 fugae,
475 3095 597 3158 mortes
622 3115 803 3173 servorum,
827 3095 988 3180 incendia,
1010 3097 1120 3164 luctus
1251 3153 1252 3166 .

251 3182 414 3268 Affligunt
436 3181 617 3268 hominem,
639 3183 706 3248 iam
730 3185 828 3249 miser
851 3187 884 3250 et
906 3185 1016 3250 futuit.

491 3375 495 3380 -
593 3327 756 3411 xxxiv(
772 3331 814 3419 a!

206 3449 306 3516 Basia
325 3448 492 3535 danobis,
512 3448 727 3538 Diadumene,
745 3474 867 3538 pressa.
894 3450 1043 3540 „Quoad
1061 3445 1175 3534 inquis.

251 3538 372 3606 Oceani
395 3539 512 3605 fluetus
537 3563 588 3607 mc
610 3565 781 3610 numerare
803 3543 895 3610 iubes
