<?xml version="1.0" encoding="UTF-8"?>
<!DOCTYPE html PUBLIC "-//W3C//DTD XHTML 1.0 Transitional//EN"
    "http://www.w3.org/TR/xhtml1/DTD/xhtml1-transitional.dtd">
<html xmlns="http://www.w3.org/1999/xhtml" xml:lang="en" lang="en">
 <head>
  <title>
</title>
<meta http-equiv="Content-Type" content="text/html;charset=utf-8" />
  <meta name='ocr-system' content='tesseract 3.04.00' />
  <meta name='ocr-capabilities' content='ocr_page ocr_carea ocr_par ocr_line ocrx_word'/>
</head>
<body>
  <div class='ocr_page' id='page_1' title='image "./epigrammatonlib03martgoog_0129.png"; bbox 0 0 2528 4038; ppageno 0'>
   <div class='ocr_carea' id='block_1_1' title="bbox 90 113 955 246">
    <p class='ocr_par' dir='ltr' id='par_1_1' title="bbox 90 113 955 246">
     <span class='ocr_line' id='line_1_1' title="bbox 90 113 955 246; baseline -0.025 -9"><span class='ocrx_word' id='word_1_1' title='bbox 90 230 98 237; x_wconf 90' lang='lat'>.</span> <span class='ocrx_word' id='word_1_2' title='bbox 159 165 203 234; x_wconf 82' lang='lat'><strong>88</strong></span> <span class='ocrx_word' id='word_1_3' title='bbox 455 163 528 246; x_wconf 38' lang='lat' dir='ltr'><strong>‚m</strong></span> <span class='ocrx_word' id='word_1_4' title='bbox 546 162 634 234; x_wconf 78' lang='lat' dir='ltr'><strong>usu..</strong></span> <span class='ocrx_word' id='word_1_5' title='bbox 648 113 850 218; x_wconf 78' lang='lat' dir='ltr'><strong>murmuro</strong></span> <span class='ocrx_word' id='word_1_6' title='bbox 950 175 955 182; x_wconf 91' lang='lat'><strong>·</strong></span> 
     </span>
    </p>
   </div>
   <div class='ocr_carea' id='block_1_2' title="bbox 111 321 1167 1032">
    <p class='ocr_par' dir='ltr' id='par_1_2' title="bbox 111 321 1167 1032">
     <span class='ocr_line' id='line_1_2' title="bbox 124 321 1167 410; baseline -0.012 -13"><span class='ocrx_word' id='word_1_7' title='bbox 124 327 130 336; x_wconf 81' lang='grc'><strong><em>’</em></strong></span> <span class='ocrx_word' id='word_1_8' title='bbox 178 326 270 396; x_wconf 79' lang='lat' dir='ltr'><strong>rseu</strong></span> <span class='ocrx_word' id='word_1_9' title='bbox 293 328 419 395; x_wconf 86' lang='lat' dir='ltr'><strong>lentum</strong></span> <span class='ocrx_word' id='word_1_10' title='bbox 443 347 574 394; x_wconf 85' lang='lat' dir='ltr'><strong>ceroma</strong></span> <span class='ocrx_word' id='word_1_11' title='bbox 596 326 676 392; x_wconf 90' lang='lat' dir='ltr'><strong>teris</strong></span> <span class='ocrx_word' id='word_1_12' title='bbox 698 322 884 410; x_wconf 71' lang='lat' dir='ltr'>tepidumve</span> <span class='ocrx_word' id='word_1_13' title='bbox 906 321 1051 408; x_wconf 85' lang='lat' dir='ltr'><strong>trigona,</strong></span> <span class='ocrx_word' id='word_1_14' title='bbox 1162 397 1167 402; x_wconf 43' lang='lat'><strong><em>‚</em></strong></span> 
     </span>
     <span class='ocr_line' id='line_1_3' title="bbox 250 411 1003 502; baseline -0.013 -17"><span class='ocrx_word' id='word_1_15' title='bbox 250 416 326 485; x_wconf 84' lang='lat' dir='ltr'><strong>Sive</strong></span> <span class='ocrx_word' id='word_1_16' title='bbox 348 416 506 502; x_wconf 78' lang='lat' dir='ltr'><strong>harpasta</strong></span> <span class='ocrx_word' id='word_1_17' title='bbox 529 437 627 482; x_wconf 89' lang='lat' dir='ltr'><strong>manu</strong></span> <span class='ocrx_word' id='word_1_18' title='bbox 650 412 880 502; x_wconf 85' lang='lat' dir='ltr'><strong>pulverulenta</strong></span> <span class='ocrx_word' id='word_1_19' title='bbox 901 411 1003 498; x_wconf 85' lang='lat' dir='ltr'><strong>rapis,</strong></span> 
     </span>
     <span class='ocr_line' id='line_1_4' title="bbox 136 499 963 591; baseline -0.011 -18"><span class='ocrx_word' id='word_1_20' title='bbox 136 507 143 514; x_wconf 74' lang='grc'><strong>’</strong></span> <span class='ocrx_word' id='word_1_21' title='bbox 204 504 342 572; x_wconf 83' lang='lat' dir='ltr'><strong>Plumea</strong></span> <span class='ocrx_word' id='word_1_22' title='bbox 365 526 422 570; x_wconf 90' lang='lat' dir='ltr'><strong>seu</strong></span> <span class='ocrx_word' id='word_1_23' title='bbox 445 503 513 570; x_wconf 87' lang='lat' dir='ltr'><strong>laxi</strong></span> <span class='ocrx_word' id='word_1_24' title='bbox 536 504 669 591; x_wconf 86' lang='lat' dir='ltr'><strong>partiris</strong></span> <span class='ocrx_word' id='word_1_25' title='bbox 693 500 837 588; x_wconf 87' lang='lat' dir='ltr'><strong>pondera</strong></span> <span class='ocrx_word' id='word_1_26' title='bbox 860 499 963 582; x_wconf 87' lang='lat' dir='ltr'><strong>iollis,</strong></span> 
     </span>
     <span class='ocr_line' id='line_1_5' title="bbox 127 587 1072 676; baseline -0.012 -14"><span class='ocrx_word' id='word_1_27' title='bbox 127 589 135 602; x_wconf 82' lang='grc'><strong>”</strong></span> <span class='ocrx_word' id='word_1_28' title='bbox 251 592 325 661; x_wconf 82' lang='lat' dir='ltr'><strong>Sira</strong></span> <span class='ocrx_word' id='word_1_29' title='bbox 348 593 453 659; x_wconf 78' lang='lat' dir='ltr'><strong>leuem</strong></span> <span class='ocrx_word' id='word_1_30' title='bbox 477 614 572 658; x_wconf 86' lang='lat' dir='ltr'><strong>eursu</strong></span> <span class='ocrx_word' id='word_1_31' title='bbox 595 595 722 659; x_wconf 81' lang='lat' dir='ltr'><strong>vincere</strong></span> <span class='ocrx_word' id='word_1_32' title='bbox 747 589 877 676; x_wconf 82' lang='lat' dir='ltr'><strong>quaeris</strong></span> <span class='ocrx_word' id='word_1_33' title='bbox 900 587 1013 654; x_wconf 83' lang='lat' dir='ltr'><strong>Athan</strong></span> <span class='ocrx_word' id='word_1_34' title='bbox 1033 623 1072 674; x_wconf 41' lang='grc' dir='ltr'><strong>ὴ-</strong></span> 
     </span>
     <span class='ocr_line' id='line_1_6' title="bbox 204 676 1090 768; baseline -0.008 -18"><span class='ocrx_word' id='word_1_35' title='bbox 204 680 256 750; x_wconf 86' lang='lat' dir='ltr'><strong>Ne</strong></span> <span class='ocrx_word' id='word_1_36' title='bbox 279 679 427 747; x_wconf 87' lang='lat' dir='ltr'><strong>madidos</strong></span> <span class='ocrx_word' id='word_1_37' title='bbox 450 681 552 746; x_wconf 90' lang='lat' dir='ltr'><strong>intret</strong></span> <span class='ocrx_word' id='word_1_38' title='bbox 574 679 775 768; x_wconf 81' lang='lat' dir='ltr'><strong>penetrabile</strong></span> <span class='ocrx_word' id='word_1_39' title='bbox 797 677 902 764; x_wconf 82' lang='lat' dir='ltr'><strong>frigus</strong></span> <span class='ocrx_word' id='word_1_40' title='bbox 925 676 961 742; x_wconf 91' lang='lat' dir='ltr'><strong>in</strong></span> <span class='ocrx_word' id='word_1_41' title='bbox 983 679 1090 760; x_wconf 74' lang='lat' dir='ltr'><strong>artua,</strong></span> 
     </span>
     <span class='ocr_line' id='line_1_7' title="bbox 111 765 1021 856; baseline -0.011 -17"><span class='ocrx_word' id='word_1_42' title='bbox 111 819 118 840; x_wconf 83' lang='lat'>.</span> <span class='ocrx_word' id='word_1_43' title='bbox 162 787 197 837; x_wconf 83' lang='grc' dir='ltr'><strong>ιο</strong></span> <span class='ocrx_word' id='word_1_44' title='bbox 251 769 343 838; x_wconf 83' lang='lat' dir='ltr'><strong>Neve</strong></span> <span class='ocrx_word' id='word_1_45' title='bbox 367 769 478 856; x_wconf 81' lang='lat' dir='ltr'><strong>gravis</strong></span> <span class='ocrx_word' id='word_1_46' title='bbox 501 769 612 836; x_wconf 85' lang='lat' dir='ltr'><strong>subita</strong></span> <span class='ocrx_word' id='word_1_47' title='bbox 634 774 667 835; x_wconf 87' lang='lat' dir='ltr'><strong>te</strong></span> <span class='ocrx_word' id='word_1_48' title='bbox 689 771 818 854; x_wconf 86' lang='lat' dir='ltr'><strong>premat</strong></span> <span class='ocrx_word' id='word_1_49' title='bbox 840 765 904 832; x_wconf 91' lang='lat' dir='ltr'><strong>Iris</strong></span> <span class='ocrx_word' id='word_1_50' title='bbox 928 787 1021 851; x_wconf 88' lang='lat' dir='ltr'><strong>aqua.</strong></span> 
     </span>
     <span class='ocr_line' id='line_1_8' title="bbox 205 854 1066 924; baseline -0.008 0"><span class='ocrx_word' id='word_1_51' title='bbox 205 857 340 924; x_wconf 79' lang='lat' dir='ltr'><strong>Ridebis</strong></span> <span class='ocrx_word' id='word_1_52' title='bbox 362 861 480 924; x_wconf 78' lang='lat' dir='ltr'><strong>uentos</strong></span> <span class='ocrx_word' id='word_1_53' title='bbox 502 855 566 924; x_wconf 84' lang='lat' dir='ltr'><strong>hoo</strong></span> <span class='ocrx_word' id='word_1_54' title='bbox 589 880 721 924; x_wconf 89' lang='lat' dir='ltr'><strong>munere</strong></span> <span class='ocrx_word' id='word_1_55' title='bbox 744 859 850 922; x_wconf 81' lang='lat' dir='ltr'><strong>tectus</strong></span> <span class='ocrx_word' id='word_1_56' title='bbox 874 858 907 920; x_wconf 89' lang='lat' dir='ltr'><strong>et</strong></span> <span class='ocrx_word' id='word_1_57' title='bbox 930 854 1066 920; x_wconf 86' lang='lat' dir='ltr'><strong>imbres:</strong></span> 
     </span>
     <span class='ocr_line' id='line_1_9' title="bbox 251 943 941 1032; baseline -0.006 -18"><span class='ocrx_word' id='word_1_58' title='bbox 251 945 320 1014; x_wconf 89' lang='lat' dir='ltr'><strong>Neo</strong></span> <span class='ocrx_word' id='word_1_59' title='bbox 343 947 392 1013; x_wconf 87' lang='lat' dir='ltr'><strong>sie</strong></span> <span class='ocrx_word' id='word_1_60' title='bbox 413 945 449 1011; x_wconf 90' lang='lat' dir='ltr'><strong>in</strong></span> <span class='ocrx_word' id='word_1_61' title='bbox 470 943 571 1032; x_wconf 83' lang='lat' dir='ltr'><strong>Tyria</strong></span> <span class='ocrx_word' id='word_1_62' title='bbox 594 947 729 1013; x_wconf 88' lang='lat' dir='ltr'><strong>sindone</strong></span> <span class='ocrx_word' id='word_1_63' title='bbox 752 948 843 1011; x_wconf 86' lang='lat' dir='ltr'><strong>tutus</strong></span> <span class='ocrx_word' id='word_1_64' title='bbox 868 943 941 1010; x_wconf 88' lang='lat' dir='ltr'><strong>eris.</strong></span> 
     </span>
    </p>
   </div>
   <div class='ocr_carea' id='block_1_3' title="bbox 633 1104 705 1174">
    <p class='ocr_par' dir='ltr' id='par_1_3' title="bbox 633 1104 705 1174">
     <span class='ocr_line' id='line_1_10' title="bbox 633 1104 705 1174; baseline -0.028 0"><span class='ocrx_word' id='word_1_65' title='bbox 633 1104 705 1174; x_wconf 87' lang='lat' dir='ltr'><strong>XX.</strong></span> 
     </span>
    </p>
   </div>
   <div class='ocr_carea' id='block_1_4' title="bbox 77 1207 1174 1564">
    <p class='ocr_par' dir='ltr' id='par_1_4' title="bbox 198 1207 1101 1296">
     <span class='ocr_line' id='line_1_11' title="bbox 198 1207 1101 1296; baseline -0.008 -17"><span class='ocrx_word' id='word_1_66' title='bbox 198 1210 353 1279; x_wconf 73' lang='lat' dir='ltr'><strong>Diuites</strong></span> <span class='ocrx_word' id='word_1_67' title='bbox 376 1211 537 1296; x_wconf 79' lang='lat' dir='ltr'><strong>vetulam,</strong></span> <span class='ocrx_word' id='word_1_68' title='bbox 561 1232 635 1278; x_wconf 84' lang='lat' dir='ltr'><strong>eum</strong></span> <span class='ocrx_word' id='word_1_69' title='bbox 656 1213 702 1278; x_wconf 91' lang='lat' dir='ltr'><strong>sit</strong></span> <span class='ocrx_word' id='word_1_70' title='bbox 725 1207 886 1278; x_wconf 78' lang='lat' dir='ltr'><strong>Caerellia</strong></span> <span class='ocrx_word' id='word_1_71' title='bbox 908 1229 1007 1295; x_wconf 88' lang='lat' dir='ltr'><strong>pupa:</strong></span> <span class='ocrx_word' id='word_1_72' title='bbox 1093 1209 1101 1221; x_wconf 87' lang='grc'><em>“</em></span> 
     </span>
    </p>

    <p class='ocr_par' dir='ltr' id='par_1_5' title="bbox 77 1297 1174 1564">
     <span class='ocr_line' id='line_1_12' title="bbox 251 1297 1174 1387; baseline -0.002 -22"><span class='ocrx_word' id='word_1_73' title='bbox 251 1297 378 1387; x_wconf 91' lang='lat' dir='ltr'><strong>Pupam</strong></span> <span class='ocrx_word' id='word_1_74' title='bbox 402 1321 437 1366; x_wconf 87' lang='lat' dir='ltr'><strong>sa</strong></span> <span class='ocrx_word' id='word_1_75' title='bbox 460 1300 539 1367; x_wconf 84' lang='lat' dir='ltr'><strong>dicit</strong></span> <span class='ocrx_word' id='word_1_76' title='bbox 562 1299 681 1386; x_wconf 83' lang='lat' dir='ltr'><strong>Gellia,</strong></span> <span class='ocrx_word' id='word_1_77' title='bbox 704 1322 777 1366; x_wconf 88' lang='lat' dir='ltr'><strong>cum</strong></span> <span class='ocrx_word' id='word_1_78' title='bbox 801 1299 845 1366; x_wconf 89' lang='lat' dir='ltr'><strong>sit</strong></span> <span class='ocrx_word' id='word_1_79' title='bbox 869 1319 959 1364; x_wconf 88' lang='lat' dir='ltr'><strong>anus.</strong></span> <span class='ocrx_word' id='word_1_80' title='bbox 1104 1359 1108 1363; x_wconf 87' lang='lat'>.</span> <span class='ocrx_word' id='word_1_81' title='bbox 1172 1377 1174 1380; x_wconf 10' lang='grc' dir='ltr'><strong><em>γ</em></strong></span> 
     </span>
     <span class='ocr_line' id='line_1_13' title="bbox 77 1384 1158 1480; baseline -0.004 -27"><span class='ocrx_word' id='word_1_82' title='bbox 77 1469 86 1480; x_wconf 35' lang='lat'><strong>·</strong></span> <span class='ocrx_word' id='word_1_83' title='bbox 179 1394 181 1398; x_wconf 83' lang='grc'><strong>’</strong></span> <span class='ocrx_word' id='word_1_84' title='bbox 206 1384 304 1454; x_wconf 77' lang='lat' dir='ltr'><strong>Ferre</strong></span> <span class='ocrx_word' id='word_1_85' title='bbox 325 1409 386 1456; x_wconf 89' lang='lat' dir='ltr'><strong>neo</strong></span> <span class='ocrx_word' id='word_1_86' title='bbox 408 1387 492 1456; x_wconf 85' lang='lat' dir='ltr'><strong>hene</strong></span> <span class='ocrx_word' id='word_1_87' title='bbox 515 1389 636 1474; x_wconf 80' lang='lat' dir='ltr'><strong>possis,</strong></span> <span class='ocrx_word' id='word_1_88' title='bbox 658 1389 780 1474; x_wconf 87' lang='lat' dir='ltr'><strong>possis,</strong></span> <span class='ocrx_word' id='word_1_89' title='bbox 803 1385 944 1471; x_wconf 78' lang='lat' dir='ltr'><strong>(lollius,</strong></span> <span class='ocrx_word' id='word_1_90' title='bbox 966 1406 1027 1452; x_wconf 83' lang='lat' dir='ltr'><strong>neo</strong></span> <span class='ocrx_word' id='word_1_91' title='bbox 1048 1386 1158 1452; x_wconf 89' lang='lat' dir='ltr'><strong>illem:</strong></span> 
     </span>
     <span class='ocr_line' id='line_1_14' title="bbox 252 1473 925 1564; baseline -0.001 -22"><span class='ocrx_word' id='word_1_92' title='bbox 252 1473 369 1544; x_wconf 77' lang='lat' dir='ltr'><strong>Altera</strong></span> <span class='ocrx_word' id='word_1_93' title='bbox 391 1477 529 1544; x_wconf 82' lang='lat' dir='ltr'><strong>ridicula</strong></span> <span class='ocrx_word' id='word_1_94' title='bbox 552 1481 616 1564; x_wconf 84' lang='lat' dir='ltr'><strong>est,</strong></span> <span class='ocrx_word' id='word_1_95' title='bbox 640 1477 746 1545; x_wconf 89' lang='lat' dir='ltr'><strong>altera</strong></span> <span class='ocrx_word' id='word_1_96' title='bbox 767 1475 925 1563; x_wconf 86' lang='lat' dir='ltr'><strong>putidula</strong></span> 
     </span>
    </p>
   </div>
   <div class='ocr_carea' id='block_1_5' title="bbox 624 1635 714 1706">
    <p class='ocr_par' dir='ltr' id='par_1_6' title="bbox 624 1635 714 1706">
     <span class='ocr_line' id='line_1_15' title="bbox 624 1635 714 1706; baseline 0.022 -2"><span class='ocrx_word' id='word_1_97' title='bbox 624 1635 714 1706; x_wconf 85' lang='lat' dir='ltr'>XXI.</span> 
     </span>
    </p>
   </div>
   <div class='ocr_carea' id='block_1_6' title="bbox 205 1740 1043 2036">
    <p class='ocr_par' dir='ltr' id='par_1_7' title="bbox 205 1740 1043 2036">
     <span class='ocr_line' id='line_1_16' title="bbox 205 1740 803 1827; baseline 0 -17"><span class='ocrx_word' id='word_1_98' title='bbox 205 1740 328 1810; x_wconf 86' lang='lat' dir='ltr'><strong>Nullos</strong></span> <span class='ocrx_word' id='word_1_99' title='bbox 350 1763 421 1810; x_wconf 84' lang='lat' dir='ltr'><strong>essa</strong></span> <span class='ocrx_word' id='word_1_100' title='bbox 445 1743 535 1827; x_wconf 89' lang='lat' dir='ltr'><strong>deos,</strong></span> <span class='ocrx_word' id='word_1_101' title='bbox 557 1743 653 1809; x_wconf 86' lang='lat' dir='ltr'><strong>inane</strong></span> <span class='ocrx_word' id='word_1_102' title='bbox 676 1743 803 1810; x_wconf 80' lang='lat' dir='ltr'><strong>eaelum</strong></span> 
     </span>
     <span class='ocr_line' id='line_1_17' title="bbox 206 1829 1043 1918; baseline 0 -21"><span class='ocrx_word' id='word_1_103' title='bbox 206 1830 364 1898; x_wconf 84' lang='lat' dir='ltr'><strong>Affirmat</strong></span> <span class='ocrx_word' id='word_1_104' title='bbox 386 1829 517 1916; x_wconf 84' lang='lat' dir='ltr'><strong>Segius:</strong></span> <span class='ocrx_word' id='word_1_105' title='bbox 540 1832 737 1918; x_wconf 79' lang='lat' dir='ltr'><strong>probatque,</strong></span> <span class='ocrx_word' id='word_1_106' title='bbox 760 1831 847 1918; x_wconf 91' lang='lat' dir='ltr'><strong>quod</strong></span> <span class='ocrx_word' id='word_1_107' title='bbox 870 1854 905 1897; x_wconf 82' lang='lat' dir='ltr'><strong>se</strong></span> <span class='ocrx_word' id='word_1_108' title='bbox 1029 1838 1043 1894; x_wconf 74' lang='lat' dir='ltr'>f</span> 
     </span>
     <span class='ocr_line' id='line_1_18' title="bbox 205 1917 953 2036; baseline 0 -50"><span class='ocrx_word' id='word_1_109' title='bbox 205 1917 358 2036; x_wconf 75' lang='lat' dir='ltr'><strong>Factum,</strong></span> <span class='ocrx_word' id='word_1_110' title='bbox 381 1919 458 1987; x_wconf 88' lang='lat' dir='ltr'><strong>dum</strong></span> <span class='ocrx_word' id='word_1_111' title='bbox 480 1925 581 2008; x_wconf 86' lang='lat' dir='ltr'><strong>negat</strong></span> <span class='ocrx_word' id='word_1_112' title='bbox 603 1920 679 2000; x_wconf 87' lang='lat' dir='ltr'><strong>hoe,</strong></span> <span class='ocrx_word' id='word_1_113' title='bbox 701 1920 790 1986; x_wconf 82' lang='lat' dir='ltr'><strong>ridet</strong></span> <span class='ocrx_word' id='word_1_114' title='bbox 811 1920 953 1986; x_wconf 85' lang='lat' dir='ltr'><strong>beatum.</strong></span> 
     </span>
    </p>
   </div>
   <div class='ocr_carea' id='block_1_7' title="bbox 616 2077 724 2146">
    <p class='ocr_par' dir='ltr' id='par_1_8' title="bbox 616 2077 724 2146">
     <span class='ocr_line' id='line_1_19' title="bbox 616 2077 724 2146; baseline 0 0"><span class='ocrx_word' id='word_1_115' title='bbox 616 2077 724 2146; x_wconf 86' lang='lat' dir='ltr'>XXII.</span> 
     </span>
    </p>
   </div>
   <div class='ocr_carea' id='block_1_8' title="bbox 66 2183 1190 2892">
    <p class='ocr_par' dir='ltr' id='par_1_9' title="bbox 66 2183 1190 2892">
     <span class='ocr_line' id='line_1_20' title="bbox 206 2183 1095 2272; baseline 0.002 -22"><span class='ocrx_word' id='word_1_116' title='bbox 206 2183 335 2251; x_wconf 86' lang='lat' dir='ltr'><strong>Primos</strong></span> <span class='ocrx_word' id='word_1_117' title='bbox 358 2207 456 2272; x_wconf 86' lang='lat' dir='ltr'><strong>passa</strong></span> <span class='ocrx_word' id='word_1_118' title='bbox 478 2190 570 2252; x_wconf 82' lang='lat' dir='ltr'><strong>toros</strong></span> <span class='ocrx_word' id='word_1_119' title='bbox 595 2188 628 2253; x_wconf 88' lang='lat' dir='ltr'><strong>et</strong></span> <span class='ocrx_word' id='word_1_120' title='bbox 651 2184 755 2252; x_wconf 87' lang='lat' dir='ltr'><strong>adhue</strong></span> <span class='ocrx_word' id='word_1_121' title='bbox 778 2185 939 2271; x_wconf 78' lang='lat' dir='ltr'><strong>placanda</strong></span> <span class='ocrx_word' id='word_1_122' title='bbox 961 2186 1095 2254; x_wconf 69' lang='lat' dir='ltr'><strong>maritov</strong></span> 
     </span>
     <span class='ocr_line' id='line_1_21' title="bbox 252 2271 1175 2360; baseline 0.002 -22"><span class='ocrx_word' id='word_1_123' title='bbox 252 2271 412 2339; x_wconf 84' lang='lat' dir='ltr'><strong>Merserat</strong></span> <span class='ocrx_word' id='word_1_124' title='bbox 435 2275 470 2340; x_wconf 90' lang='lat' dir='ltr'><strong>in</strong></span> <span class='ocrx_word' id='word_1_125' title='bbox 492 2273 614 2340; x_wconf 85' lang='lat' dir='ltr'><strong>nitidos</strong></span> <span class='ocrx_word' id='word_1_126' title='bbox 639 2295 674 2340; x_wconf 87' lang='lat' dir='ltr'><strong>se</strong></span> <span class='ocrx_word' id='word_1_127' title='bbox 697 2272 874 2360; x_wconf 79' lang='lat' dir='ltr'><strong>Cleopatra</strong></span> <span class='ocrx_word' id='word_1_128' title='bbox 896 2276 1000 2358; x_wconf 84' lang='lat' dir='ltr'><strong>lacus,</strong></span> <span class='ocrx_word' id='word_1_129' title='bbox 1171 2275 1175 2283; x_wconf 87' lang='lat'>&#39;</span> 
     </span>
     <span class='ocr_line' id='line_1_22' title="bbox 206 2359 1159 2449; baseline 0 -21"><span class='ocrx_word' id='word_1_130' title='bbox 206 2359 295 2428; x_wconf 88' lang='lat' dir='ltr'><strong>Dum</strong></span> <span class='ocrx_word' id='word_1_131' title='bbox 316 2361 403 2449; x_wconf 84' lang='lat' dir='ltr'><strong>fugit</strong></span> <span class='ocrx_word' id='word_1_132' title='bbox 421 2363 599 2448; x_wconf 83' lang='lat' dir='ltr'><strong>amplexus.</strong></span> <span class='ocrx_word' id='word_1_133' title='bbox 629 2359 691 2428; x_wconf 83' lang='lat' dir='ltr'><strong>sed</strong></span> <span class='ocrx_word' id='word_1_134' title='bbox 710 2364 854 2447; x_wconf 87' lang='lat' dir='ltr'><strong>prodidit</strong></span> <span class='ocrx_word' id='word_1_135' title='bbox 876 2364 963 2430; x_wconf 87' lang='lat' dir='ltr'><strong>unda</strong></span> <span class='ocrx_word' id='word_1_136' title='bbox 985 2364 1159 2447; x_wconf 84' lang='lat' dir='ltr'><strong>latentem3</strong></span> 
     </span>
     <span class='ocr_line' id='line_1_23' title="bbox 252 2449 929 2538; baseline 0.001 -22"><span class='ocrx_word' id='word_1_137' title='bbox 252 2449 410 2536; x_wconf 73' lang='lat' dir='ltr'><strong>Ludebat,</strong></span> <span class='ocrx_word' id='word_1_138' title='bbox 431 2452 512 2516; x_wconf 86' lang='lat' dir='ltr'><strong>totis</strong></span> <span class='ocrx_word' id='word_1_139' title='bbox 536 2473 610 2516; x_wconf 85' lang='lat' dir='ltr'><strong>eum</strong></span> <span class='ocrx_word' id='word_1_140' title='bbox 633 2454 798 2536; x_wconf 86' lang='lat' dir='ltr'><strong>tegeretur</strong></span> <span class='ocrx_word' id='word_1_141' title='bbox 820 2453 929 2538; x_wconf 83' lang='lat' dir='ltr'><strong>aquis:</strong></span> 
     </span>
     <span class='ocr_line' id='line_1_24' title="bbox 180 2536 975 2625; baseline 0.003 -21"><span class='ocrx_word' id='word_1_142' title='bbox 180 2536 348 2605; x_wconf 74' lang='lat' dir='ltr'><strong>scondita</strong></span> <span class='ocrx_word' id='word_1_143' title='bbox 371 2539 419 2605; x_wconf 86' lang='lat' dir='ltr'><strong>sio</strong></span> <span class='ocrx_word' id='word_1_144' title='bbox 440 2562 523 2624; x_wconf 90' lang='lat' dir='ltr'><strong>puro</strong></span> <span class='ocrx_word' id='word_1_145' title='bbox 546 2542 759 2605; x_wconf 86' lang='lat' dir='ltr'><strong>numerantur</strong></span> <span class='ocrx_word' id='word_1_146' title='bbox 781 2540 853 2606; x_wconf 91' lang='lat' dir='ltr'><strong>lilia</strong></span> <span class='ocrx_word' id='word_1_147' title='bbox 875 2542 975 2625; x_wconf 82' lang='lat' dir='ltr'><strong>vitro,</strong></span> 
     </span>
     <span class='ocr_line' id='line_1_25' title="bbox 252 2624 1013 2716; baseline 0.005 -24"><span class='ocrx_word' id='word_1_148' title='bbox 252 2624 306 2692; x_wconf 87' lang='lat' dir='ltr'><strong>Sie</strong></span> <span class='ocrx_word' id='word_1_149' title='bbox 328 2627 480 2714; x_wconf 86' lang='lat' dir='ltr'><strong>prohibet</strong></span> <span class='ocrx_word' id='word_1_150' title='bbox 502 2629 609 2694; x_wconf 88' lang='lat' dir='ltr'><strong>tenuis</strong></span> <span class='ocrx_word' id='word_1_151' title='bbox 633 2649 763 2716; x_wconf 83' lang='lat' dir='ltr'><strong>gemma</strong></span> <span class='ocrx_word' id='word_1_152' title='bbox 785 2629 887 2695; x_wconf 81' lang='lat' dir='ltr'><strong>lutere</strong></span> <span class='ocrx_word' id='word_1_153' title='bbox 910 2651 1013 2696; x_wconf 89' lang='lat' dir='ltr'><strong>rosas.</strong></span> 
     </span>
     <span class='ocr_line' id='line_1_26' title="bbox 207 2705 1020 2802; baseline 0.004 -23"><span class='ocrx_word' id='word_1_154' title='bbox 207 2713 323 2780; x_wconf 88' lang='lat' dir='ltr'><strong>Insilui</strong></span> <span class='ocrx_word' id='word_1_155' title='bbox 347 2737 536 2802; x_wconf 86' lang='lat' dir='ltr'><strong>mersusque</strong></span> <span class='ocrx_word' id='word_1_156' title='bbox 559 2717 650 2782; x_wconf 81' lang='lat' dir='ltr'><strong>vadis</strong></span> <span class='ocrx_word' id='word_1_157' title='bbox 673 2718 834 2784; x_wconf 86' lang='lat' dir='ltr'><strong>luctantia</strong></span> <span class='ocrx_word' id='word_1_158' title='bbox 856 2719 963 2802; x_wconf 82' lang='lat' dir='ltr'><strong>carpsi</strong></span> <span class='ocrx_word' id='word_1_159' title='bbox 1008 2705 1020 2726; x_wconf 72' lang='lat'><em>⁶</em></span> 
     </span>
     <span class='ocr_line' id='line_1_27' title="bbox 66 2801 1190 2892; baseline 0.005 -25"><span class='ocrx_word' id='word_1_160' title='bbox 66 2805 69 2810; x_wconf 79' lang='grc'>’</span> <span class='ocrx_word' id='word_1_161' title='bbox 251 2801 366 2870; x_wconf 78' lang='lat' dir='ltr'><strong>Basia:</strong></span> <span class='ocrx_word' id='word_1_162' title='bbox 389 2808 578 2892; x_wconf 84' lang='lat' dir='ltr'><strong>perspicuae</strong></span> <span class='ocrx_word' id='word_1_163' title='bbox 601 2805 675 2892; x_wconf 88' lang='lat' dir='ltr'><strong>plus</strong></span> <span class='ocrx_word' id='word_1_164' title='bbox 698 2807 850 2872; x_wconf 82' lang='lat' dir='ltr'><strong>vetuistis</strong></span> <span class='ocrx_word' id='word_1_165' title='bbox 874 2828 986 2892; x_wconf 86' lang='lat' dir='ltr'><strong>aquae.</strong></span> <span class='ocrx_word' id='word_1_166' title='bbox 1185 2831 1190 2841; x_wconf 93' lang='lat'><em>·</em></span> 
     </span>
    </p>
   </div>
   <div class='ocr_carea' id='block_1_9' title="bbox 611 2964 733 3032">
    <p class='ocr_par' dir='ltr' id='par_1_10' title="bbox 611 2964 733 3032">
     <span class='ocr_line' id='line_1_28' title="bbox 611 2964 733 3032; baseline 0.008 -2"><span class='ocrx_word' id='word_1_167' title='bbox 611 2964 733 3032; x_wconf 88' lang='lat' dir='ltr'>XXIII.</span> 
     </span>
    </p>
   </div>
   <div class='ocr_carea' id='block_1_10' title="bbox 181 3068 914 3506">
    <p class='ocr_par' dir='ltr' id='par_1_11' title="bbox 181 3068 914 3506">
     <span class='ocr_line' id='line_1_29' title="bbox 206 3068 897 3157; baseline 0.001 -21"><span class='ocrx_word' id='word_1_168' title='bbox 206 3068 294 3136; x_wconf 90' lang='lat' dir='ltr'><strong>Dum</strong></span> <span class='ocrx_word' id='word_1_169' title='bbox 317 3072 354 3136; x_wconf 92' lang='lat' dir='ltr'><strong>tu</strong></span> <span class='ocrx_word' id='word_1_170' title='bbox 376 3069 467 3136; x_wconf 86' lang='lat' dir='ltr'><strong>lenta</strong></span> <span class='ocrx_word' id='word_1_171' title='bbox 490 3069 588 3136; x_wconf 89' lang='lat' dir='ltr'><strong>nimis</strong></span> <span class='ocrx_word' id='word_1_172' title='bbox 612 3071 729 3157; x_wconf 91' lang='lat' dir='ltr'><strong>diuque</strong></span> <span class='ocrx_word' id='word_1_173' title='bbox 754 3071 897 3157; x_wconf 87' lang='lat' dir='ltr'><strong>quaeris,</strong></span> 
     </span>
     <span class='ocr_line' id='line_1_30' title="bbox 207 3155 905 3247; baseline 0.007 -26"><span class='ocrx_word' id='word_1_174' title='bbox 207 3155 287 3234; x_wconf 78' lang='lat' dir='ltr'><strong>Quis</strong></span> <span class='ocrx_word' id='word_1_175' title='bbox 310 3157 435 3245; x_wconf 88' lang='lat' dir='ltr'><strong>primus</strong></span> <span class='ocrx_word' id='word_1_176' title='bbox 458 3158 520 3224; x_wconf 88' lang='lat' dir='ltr'><strong>tibi</strong></span> <span class='ocrx_word' id='word_1_177' title='bbox 544 3161 656 3247; x_wconf 81' lang='lat' dir='ltr'><strong>quisue</strong></span> <span class='ocrx_word' id='word_1_178' title='bbox 679 3160 723 3226; x_wconf 86' lang='lat' dir='ltr'><strong>sit</strong></span> <span class='ocrx_word' id='word_1_179' title='bbox 747 3162 905 3227; x_wconf 83' lang='lat' dir='ltr'><strong>secundus</strong></span> 
     </span>
     <span class='ocr_line' id='line_1_31' title="bbox 207 3242 914 3334; baseline 0.008 -25"><span class='ocrx_word' id='word_1_180' title='bbox 207 3242 343 3310; x_wconf 84' lang='lat' dir='ltr'><strong>Graium</strong></span> <span class='ocrx_word' id='word_1_181' title='bbox 367 3269 448 3331; x_wconf 88' lang='lat' dir='ltr'><strong>quos</strong></span> <span class='ocrx_word' id='word_1_182' title='bbox 465 3249 676 3334; x_wconf 85' lang='lat' dir='ltr'><strong>epigramma</strong></span> <span class='ocrx_word' id='word_1_183' title='bbox 699 3251 914 3334; x_wconf 83' lang='lat' dir='ltr'><strong>comparavit:</strong></span> 
     </span>
     <span class='ocr_line' id='line_1_32' title="bbox 206 3331 893 3422; baseline 0.01 -26"><span class='ocrx_word' id='word_1_184' title='bbox 206 3331 357 3398; x_wconf 88' lang='lat' dir='ltr'><strong>Palmam</strong></span> <span class='ocrx_word' id='word_1_185' title='bbox 380 3333 617 3419; x_wconf 79' lang='lat' dir='ltr'><strong>CallimachuS,</strong></span> <span class='ocrx_word' id='word_1_186' title='bbox 640 3337 772 3422; x_wconf 81' lang='lat' dir='ltr'><strong>Thalia,</strong></span> <span class='ocrx_word' id='word_1_187' title='bbox 796 3338 834 3403; x_wconf 90' lang='lat' dir='ltr'><strong>de</strong></span> <span class='ocrx_word' id='word_1_188' title='bbox 859 3358 893 3403; x_wconf 86' lang='lat' dir='ltr'><strong>se</strong></span> 
     </span>
     <span class='ocr_line' id='line_1_33' title="bbox 181 3418 760 3506; baseline 0.014 -22"><span class='ocrx_word' id='word_1_189' title='bbox 181 3418 363 3486; x_wconf 79' lang='lat' dir='ltr'><strong>oFaeundo</strong></span> <span class='ocrx_word' id='word_1_190' title='bbox 387 3421 476 3486; x_wconf 88' lang='lat' dir='ltr'><strong>dedit</strong></span> <span class='ocrx_word' id='word_1_191' title='bbox 498 3425 568 3506; x_wconf 88' lang='lat' dir='ltr'><strong>ipse</strong></span> <span class='ocrx_word' id='word_1_192' title='bbox 591 3423 760 3493; x_wconf 87' lang='lat' dir='ltr'><strong>Brutiano.</strong></span> 
     </span>
    </p>
   </div>
   <div class='ocr_carea' id='block_1_11' title="bbox 209 3503 752 3597">
    <p class='ocr_par' dir='ltr' id='par_1_12' title="bbox 209 3503 752 3597">
     <span class='ocr_line' id='line_1_34' title="bbox 209 3503 752 3597; baseline 0.018 -29"><span class='ocrx_word' id='word_1_193' title='bbox 209 3503 273 3582; x_wconf 83' lang='lat' dir='ltr'><strong>Qui</strong></span> <span class='ocrx_word' id='word_1_194' title='bbox 296 3507 325 3571; x_wconf 85' lang='lat' dir='ltr'><strong>si</strong></span> <span class='ocrx_word' id='word_1_195' title='bbox 348 3505 505 3595; x_wconf 81' lang='lat' dir='ltr'><strong>Cecropio</strong></span> <span class='ocrx_word' id='word_1_196' title='bbox 529 3516 620 3577; x_wconf 83' lang='lat' dir='ltr'><strong>satur</strong></span> <span class='ocrx_word' id='word_1_197' title='bbox 642 3513 752 3597; x_wconf 88' lang='lat' dir='ltr'><strong>lepore</strong></span> 
     </span>
    </p>
   </div>
   <div class='ocr_carea' id='block_1_12' title="bbox 0 0 1268 4038">
    <p class='ocr_par' dir='ltr' id='par_1_13' title="bbox 0 0 1268 4038">
     <span class='ocr_line' id='line_1_35' title="bbox 0 0 1268 4038; baseline 0 0"><span class='ocrx_word' id='word_1_198' title='bbox 0 0 1268 4038; x_wconf 95' lang='lat' dir='ltr'><strong> </strong></span> 
     </span>
    </p>
   </div>
  </div>
 </body>
</html>
