2528 4038
370 225 670 284 EPIGRAMMA'I'ON
689 227 758 287 LIB.
779 227 813 284 V.
1035 231 1098 296 117

120 391 210 468 Quid
234 413 305 458 esse
327 395 442 456 nostro
466 389 586 457 fortius
610 395 721 476 potest
742 389 867 457 Paeto?
928 381 931 386 ¹

119 481 301 548 Ducenties
326 481 465 566 accepit,
489 483 522 546 et
546 485 656 546 tamen
678 478 768 545 vivit.

499 619 684 688 XXXVIII.

118 719 330 788 Calliodorus
340 720 441 786 habet
451 720 709 804 censum—quis
718 719 1098 808 nescit‘l-eqnestrem,

166 809 282 896 Sexte,
306 809 363 876 sed
386 813 419 875 et
442 808 581 874 fratrem
598 806 808 875 Calliodorus
832 809 941 876 habet.

3 930 4 936 κ
118 898 371 984 Quadringenta
392 902 496 982 secat,
519 898 576 982 qui
599 897 678 964 dicit
700 907 786 963 σῦκα
808 897 930 986 μέριζεε

3 956 6 1054 I
164 988 242 1054 Uno
267 987 371 1053 credis
394 1007 478 1072 equo
501 1007 598 1073 posse
621 985 732 1052 sedere
755 986 860 1054 duos?

2 1087 5 1169 ἦ
92 1076 208 1154 sQuid
232 1099 307 1143 cunr
330 1077 433 1142 fratre
457 1074 532 1156 tibi,
557 1074 634 1160 quid
659 1097 732 1141 cum
755 1075 888 1144 Polluce
911 1077 1074 1144 molesto?

3 1229 4 1266 ,
165 1165 246 1232 Non
269 1169 356 1230 esset
378 1163 494 1229 Pollux
519 1163 548 1228 si
571 1163 647 1245 tibi,
671 1161 789 1230 Castor
812 1187 893 1231 eras.

2 1297 26 1322 μ
118 1253 216 1322 Unus
240 1276 313 1320 cum
338 1253 425 1336 sitis,
448 1252 527 1337 duo,
550 1249 748 1336 Calliodore,
772 1252 914 1320 sedetis?
947 1323 949 1328 ,

166 1343 285 1430 Surge:
310 1341 543 1426 σολοικισμὸν,
568 1339 767 1427 Calliodore,
790 1342 883 1409 lacis.

119 1431 193 1498 Aut
213 1431 344 1496 imitare
369 1450 472 1518 genus
495 1429 603 1496 Ledae
626 1465 670 1478 -
693 1451 767 1496 oum
790 1431 891 1498 fratre
915 1430 1026 1498 sedere

4 1563 5 1618 ἶ
77 1535 109 1584 10
164 1519 243 1587 Non
265 1523 361 1606 potes
386 1543 442 1586 -ε
466 1518 617 1602 alternis,
641 1517 840 1605 Calliodore,
862 1521 946 1588 sede

513 1659 667 1727 XXXIX.-

121 1757 300 1846 Supremas
323 1758 386 1824 tibi
408 1757 518 1824 tricies
542 1759 576 1824 in
600 1779 686 1824 anno

2 1907 4 1936 ζ
121 1846 277 1932 Signanti
300 1847 447 1930 tabulas,
471 1844 625 1933 Charine,
648 1847 724 1913 misi

4 1936 5 1956 ¹
118 1935 281 2022 Hyblaeis
305 1935 452 2000 madidas
476 1935 600 2021 thymis
623 1937 814 2022 placentas..
943 1992 948 1998 .

119 2023 249 2091 Defeci:
266 2025 427 2090 ¹miserere
450 2025 530 2103 iam,
553 2023 709 2090 Charine:

95 2113 226 2202 tSigna
248 2113 369 2198 rarius,
393 2115 452 2178 aut
475 2113 575 2177 semel
598 2114 651 2178 fac
673 2112 771 2198 illud,

119 2202 283 2269 MentItur
305 2205 364 2268 tua
387 2200 473 2286 quod
498 2201 634 2266 subinde
657 2201 767 2268 tussis.

119 2291 262 2358 Excussi
284 2291 476 2375 loculosque
498 2290 741 2376 saeculumque:

121 2379 244 2448 Croeso
270 2379 405 2444 divitior
427 2379 505 2444 licet
526 2379 676 2458 fuissem,
789 2424 790 2428 =

1075 881 1086 928 l

119 2469 174 2536 Iro
198 2469 376 2556 pauperior
398 2467 516 2554 forem,
540 2465 695 2551 Charine,

81 2573 111 2622 ιο
122 2556 157 2624 Si
180 2557 338 2624 conchem
359 2556 482 2623 totiens
505 2577 612 2622 meam
634 2575 805 2622 comesses.

554 2695 621 2764 XL.

120 2797 262 2864 Pinxisti
285 2794 461 2881 Venerem,
475 2795 579 2880 colis,
601 2793 822 2874 Artemidoro,
845 2793 1039 2863 Minervam:

165 2887 213 2954 Et
235 2885 382 2972 miraris,
406 2905 488 2972 opus
511 2883 716 2970 displicuisse
739 2882 854 2948 tuum?

546 3041 631 3110 XLI.

123 3144 274 3231 Spadone
297 3165 372 3211 cum
395 3143 441 3209 sis
464 3141 621 3210 eviratior
643 3140 744 3226 fluxo,
843 3181 845 3185 -
975 3150 982 3160 '

120 3235 167 3302 Et
190 3233 372 3300 concubino
395 3233 527 3298 mollior
550 3227 743 3314 Celaenaeo,
830 3292 833 3296 ,

122 3325 227 3404 Quem
252 3327 360 3389 sectus
383 3321 490 3387 ululat
513 3319 628 3385 matris
652 3319 788 3383 entheae
811 3315 942 3403 Gallus,

120 3413 266 3480 Theatra
290 3411 436 3497 loqueris
460 3413 493 3475 et
516 3407 636 3495 gradus
661 3411 694 3471 et
717 3405 836 3490 edicta,

99 3503 330 3589 cTrabeasque
354 3504 388 3565 et
410 3498 487 3564 Idus
510 3497 907 3582 fibulasquecensnsque,

120 3591 168 3658 n:
189 3593 359 3678 pumicata
379 3607 541 3678 pauperes
565 3605 665 3652 manu
688 3589 862 3650 monstras.
