2610 4048
401 237 703 296 EPIGRAMMATON
721 237 789 296 ma.
809 239 830 297 1.
1085 238 1125 306 17

116 403 239 470 aAnte
261 403 348 472 fores
373 408 519 472 stantem
542 402 674 469 dubitas
699 403 873 470 admittere
895 403 1031 472 Famam

195 493 305 580 Teque
328 495 422 582 piget
445 514 541 562 curae
564 493 713 578 praemia
735 493 820 560 ferre
844 493 942 560 tnael

144 581 231 648 Post
253 587 286 648 te
309 585 455 650 victurae
478 605 537 668 per
559 587 592 648 te
617 603 747 668 quoque
770 583 878 650 vivere
901 581 1036 650 chartae

193 670 374 758 Incipient:
398 673 500 740 cineri
523 672 632 759 gloria
655 693 728 738 sera
751 673 849 739 venit

554 803 675 873 XXVI.

24 977 26 980 ,
147 902 344 985 Sextssiene,
367 903 454 970 bibis
478 909 637 991 quantum
662 903 820 972 subsellia
844 904 986 992 quinque

195 991 305 1059 Solus:
329 1015 414 1079 aqua
438 995 560 1060 totiens
585 993 694 1060 ebrius
717 1015 788 1060 esse
811 999 919 1078 potos,

146 1079 220 1148 Nec
243 1104 470 1148 consessorum
494 1083 603 1149 vicina
625 1082 825 1150 nomismata
848 1087 991 1168 tantum,

195 1171 284 1236 Aera
307 1171 363 1237 sed
387 1194 407 1237 a
430 1171 540 1238 cuneis
564 1171 723 1238 ulteriora
746 1172 841 1256 petis.

117 1259 228 1326 oNon
250 1260 332 1326 haec
354 1259 523 1346 Paelignis
547 1260 658 1346 agitur
680 1259 844 1326 vindemia
866 1260 969 1347 prelis

193 1347 269 1414 Uva
290 1371 350 1414 nec
372 1349 408 1414 in
430 1349 545 1416 Tuscis
568 1349 715 1416 nascitur
738 1350 804 1416 ista
825 1349 925 1436 iugis,

148 1437 251 1503 Testa
274 1437 332 1502 sed
355 1439 483 1523 antiqui
505 1438 585 1504 felix
609 1439 750 1504 siccetur
772 1437 898 1523 Opimi,

195 1527 315 1614 Egerit
338 1531 372 1592 et
394 1528 510 1614 nigros
533 1527 675 1592 Massica
698 1527 781 1592 cella
803 1527 911 1594 cados.

148 1616 180 1681 A
205 1636 329 1700 copone
351 1615 414 1680 tibi
436 1617 510 1682 faex
534 1615 694 1682 Laletana
717 1619 863 1700 petatur,

96 1723 135 1772 ro
195 1701 230 1770 Si
252 1704 328 1791 plus
352 1725 451 1790 quarn
474 1704 594 1789 decies,
618 1703 810 1790 Sextiliane,
833 1703 930 1772 bibis.

442 1865 445 1870 ·
548 1835 685 1904 XXVII.

148 1934 314 2001 Hesterna
337 1934 399 2002 tibi
423 1939 518 2002 nocte
542 1935 740 2020 dixeramus,

149 2023 354 2100 Quincunces
377 2028 458 2110 puto
481 2027 558 2109 post
581 2023 690 2088 decem
714 2025 879 2109 peractos,

150 2112 292 2179 Cenares
316 2113 428 2198 hodie,
451 2111 607 2196 Procilla,
630 2133 766 2178 meeum.

149 2202 201 2267 Tu
222 2201 345 2268 factam
361 2202 432 2267 tibi
454 2223 523 2266 rem
547 2200 660 2266 statim
683 2199 805 2285 putast'

118 2291 198 2360 ollt
218 2313 286 2358 non
310 2291 422 2357 sobria
444 2291 546 2356 verba
569 2288 754 2373 subnotasti

147 2380 313 2466 Exemplo
335 2379 474 2445 nimium
497 2378 696 2465 periculoso:

146 2471 252 2534 Maca
275 2468 431 2555 μνάμονα
454 2470 639 2553 συμπόταν,
659 2465 811 2532 Procilla.

539 2598 692 2666 XXVHI.
763 2597 772 2614 '

147 2697 317 2767 Hesterno
339 2700 464 2768 foetere
487 2719 578 2765 mero
603 2697 659 2784 qui
681 2694 784 2763 credit
807 2696 977 2786 Acerram,
1069 2703 1071 2706 ’

196 2787 351 2856 Fallitur:
375 2790 411 2854 in
433 2789 540 2855 lucem
564 2807 691 2872 semper
714 2784 838 2852 Acerra
860 2788 955 2857 bibit.
994 2873 996 2880 Α
1037 2837 1040 2847 .

148 3019 255 3086 Fama
276 3021 378 3088 refert
399 3024 533 3087 nostros
555 2917 810 3106 txeelllli'dentina
832 3021 964 3090 libellos

197 3107 273 3175 Non
296 3111 394 3176 aliter
416 3111 538 3196 populo
562 3131 660 3196 quam
683 3113 821 3178 recitare
844 3115 928 3178 tuos.

148 3195 356 3264 Simeonis
381 3197 458 3281 dici,
481 3197 586 3286 gratis
610 3199 673 3264 tibi
696 3202 841 3266 carmina
865 3201 1006 3266 mittem:

196 3285 232 3352 Si
255 3285 318 3354 dici
340 3291 399 3354 tua
421 3288 485 3374 vis,
508 3288 572 3354 hoc
595 3309 679 3373 eme,
701 3311 742 3354 ne
767 3311 840 3354 mea
862 3290 938 3354 sint.
1054 3327 1056 3332 ·

566 3421 667 3489 XXX

147 3516 334 3608 Chirurgus
349 3488 476 3606 iuerat,
498 3542 585 3586 nunc
608 3524 658 3585 est
681 3519 814 3606 vispillo
838 3518 985 3586 Diaulus.

195 3607 315 3696 Coepit
338 3631 403 3695 quo
425 3613 568 3707 poterat
581 3609 716 3676 clinicus
741 3629 811 3674 esse
834 3607 940 3675 modo.

155 3723 239 3764 Mur.
944 3715 962 3763 ἱ
1080 3745 1083 3752 ·
