2596 4032
181 195 251 264 ecc
509 146 872 284 sinirnensis

616 359 766 446 samaa

229 463 319 532 Haec
341 465 404 532 tibi
427 468 515 532 sorte
538 467 635 534 datur
656 466 822 554 tergendis
846 485 992 552 spongea
1015 463 1139 530 mensis

272 551 387 640 Utilis,
411 575 563 642 expresso
587 577 661 622 cum
684 555 765 621 levis
789 554 892 621 imbre
916 558 1029 620 tumet

443 693 568 764 CXLV.
590 697 734 764 Paenula
753 697 940 782 pansopius„

228 798 262 866 Is
285 800 367 866 milri
389 802 511 869 candor
533 804 632 890 inest,
655 803 806 870 villorum
832 801 940 889 gratia
961 802 1068 884 tanta,

272 887 320 956 Ut
343 911 394 957 me
417 891 469 957 rel
493 892 598 958 media
620 914 748 958 sumere
770 890 987 983 messe-velis.
1043 961 1050 975 ‚
1112 895 1114 900 '

228 1127 354 1215 Tingue
377 1133 474 1216 caput
498 1129 609 1197 Cosmi
619 1031 888 1214 maier-vicar
912 1127 1027 1194 olebit:

272 1216 419 1284 Perdidit
439 1223 642 1306 unguentum
666 1240 740 1286 oum
763 1239 870 1303 coma,
892 1219 1004 1302 pluma
1026 1220 1129 1282 tenet.

397 1357 556 1426 CXLVII.
579 1357 779 1428 annana
797 1357 1018 1443 pampinat*

229 1464 384 1552 Stragula
405 1467 577 1553 purpureis
600 1467 710 1532 lucent
733 1465 850 1531 villosa
872 1464 1003 1552 tepetis.

274 1552 358 1632 Quid
380 1555 526 1642 prodest,
549 1557 577 1622 si
600 1560 632 1621 te
656 1554 808 1641 congelat
830 1575 912 1620 uxor
935 1551 1039 1620 anus?

181 1827 182 1831 =
229 1791 326 1860 Nudo
349 1793 497 1896 stragula
518 1815 559 1896 pe
581 1797 655 1895 toro
678 1796 842 1879 paterent,
1173 1817 1180 1854 r
1286 1785 1290 1904 l

138 1919 140 1924 ·
205 1881 364 1950 vIunctae
386 1903 448 1948 nos
469 1883 536 1948 trba
554 1903 702 1948 venimus
726 1901 864 1946 sorores.
1287 1905 1290 1992 p

1288 2073 1289 2110 l

500 2019 641 2088 CXLIX.
664 2021 880 2088 Amictorc‘irm.
1132 2035 1146 2086 t
1212 2034 1215 2038 ·

228 2117 427 2186 Mammosas
450 2123 574 2206 metu03
596 2124 727 2186 tenerae
749 2141 800 2184 me
822 2118 917 2185 trade
939 2119 1080 2207 puellae,

274 2207 321 2274 Ut
342 2208 471 2294 possint
493 2209 587 2274 niceo
610 2212 741 2292 pectore
763 2207 832 2272 lina
853 2207 929 2276 frui.

460 2347 523 2416 eL.
546 2347 746 2417 Cubicularia
762 2331 946 2434 polymite(

228 2454 319 2521 Haec
341 2453 403 2520 tibi
425 2453 614 2540 Memphitis
637 2455 735 2520 tellus
759 2455 816 2521 dat
839 2476 987 2521 munera:
1011 2456 1098 2522 victa
1120 2464 1176 2524 est
1287 2521 1288 2526 ,

273 2543 406 2638 Pectine
428 2542 557 2610 Niliaco
580 2545 647 2610 iam
670 2543 858 2629 Babylonos
882 2565 992 2634 acus.-

228 2780 344 2868 Longe
368 2782 448 2848 satis
470 2801 555 2848 nunc
579 2685 775 2866 sumioiilci
798 2781 854 2850 sed
876 2781 1019 2870 pondere
1042 2787 1164 2853 venter
1287 2673 1288 2763 l

273 2867 308 2935 Si
330 2873 468 2956 tumeat,
490 2870 566 2935 fiam
592 2875 669 2936 tuno
691 2871 754 2936 tibi
776 2892 858 2938 zona
881 2873 998 2938 brevis.
1286 2933 1287 3010 p

429 3009 524 3079 CLII.
550 3009 735 3102 Gausapum
750 3014 953 3108 ommium.
1276 3031 1287 3108 'p

229 3117 365 3184 Lodices
388 3115 500 3184 mittet
523 3117 610 3184 docti
632 3119 695 3184 tibi
717 3123 805 3186 terra
828 3118 963 3187 Catulli:
1286 3113 1287 3149 ¹

272 3205 353 3300 Nosp
367 3205 557 3274 Helicaonia
580 3206 618 3272 de
642 3209 775 3295 regione
799 3230 920 3277 sumus.

573 3347 812 3418 Senicinctiam.

229 3454 294 3520 Det
316 3455 460 3522 tunicam
484 3455 643 3542 locuples:
666 3478 728 3544 ego
750 3461 783 3524 te
807 3459 1015 3545 praecingere
1038 3481 1197 3546 possum.

273 3541 390 3609 Essem
413 3545 442 3610 si
464 3545 623 3630 locuples,
647 3567 763 3612 munus
786 3554 959 3642 utrumqne
983 3548 1106 3618 darem.
1284 3581 1285 3664 p
