2528 4038
181 227 226 296 90
503 225 542 286 Μ.
561 222 645 284 VAL.
664 221 868 282 ueuulffls

225 389 296 458 Vee
319 387 496 477 glabrurie,
519 409 579 454 vee
601 387 665 454 libi
688 386 830 454 miselle:
944 363 947 371 ¹

225 477 355 548 Nudam
378 481 411 543 le
434 481 559 544 sieiuei
580 480 657 544 tuus
680 473 856 562 Lupercus.

628 605 747 675 XXIX.

226 707 359 791 Obslel,
381 725 456 772 care
478 702 620 790 Pudens,
641 705 763 770 ncslris
787 725 847 770 sue
869 704 967 771 iurbe
989 702 1123 770 libellis

269 794 502 879 Lectoremque
524 793 676 879 frequens
700 793 804 860 lesssl
825 795 859 858 ei
881 792 998 880 implel
1021 815 1122 878 opus.
1253 849 1254 864 ,

226 883 314 951 Rure
335 883 463 948 iuveni:
485 881 601 966 primis
625 881 671 948 sie
694 881 799 948 meior
822 881 933 968 graiis
954 882 1083 968 pomis,

270 971 435 1038 Hibernos
458 971 600 1056 prelium
623 972 671 1038 sic
693 991 840 1037 meruere
863 991 970 1054 rosee;
1200 1051 1203 1058 .

202 1060 281 1130 eSic
304 1059 524 1146 spoliatricem
547 1058 752 1126 commendes
773 1058 880 1126 festus
904 1057 1063 1143 emicem,

270 1148 374 1215 lenus
395 1167 454 1212 nec
476 1147 625 1214 iuvenem
648 1169 776 1234 semper
799 1150 915 1232 aperie
937 1151 1036 1214 lenei.
1254 1198 1255 1248 q

230 1236 365 1324 Saepius
388 1236 423 1302 in
445 1235 532 1302 libro
555 1240 746 1302 numereiur
768 1235 900 1302 Persius
921 1257 1000 1319 uno,

273 1326 379 1403 Quem
400 1324 483 1391 levis
505 1326 541 1390 in
564 1329 635 1390 lois
657 1324 786 1391 Mersus
810 1322 1019 1402 Amazonide.

228 1413 278 1479 Tu
296 1433 423 1499 quoque
446 1412 484 1478 de
507 1415 630 1480 uostris
648 1414 775 1500 releges
794 1433 1018 1498 quemcunque
1042 1411 1179 1497 libellis,
1254 1425 1255 1428 ’

186 1517 220 1566 10
274 1501 357 1568 Esse
381 1504 462 1587 pule
484 1501 605 1570 solum:
628 1501 760 1570 sicubi
783 1501 888 1587 pluris
910 1499 983 1568 erit.

639 1641 741 1710 XXX.

228 1737 356 1806 Bsieno
379 1741 491 1826 procul
514 1763 534 1808 e
556 1740 642 1825 lucu,
664 1761 849 1826 monemus,

228 1825 390 1912 Pisceior,
412 1827 502 1915 iuge,
524 1850 564 1894 ne
587 1849 706 1895 nocens
729 1829 869 1896 recedas.

230 1915 339 1984 Sectis
361 1916 503 2003 piscibus
526 1916 591 1999 hee
611 1921 767 1983 natentur
788 1917 906 1997 undae,

230 2003 294 2082 Qui
315 2009 436 2071 norunt
458 2005 624 2072 dominum
647 2027 843 2092 manumque
866 2005 1016 2072 lembuni

204 2093 340 2179 eIllem,
362 2116 425 2179 que
446 2093 529 2159 nihil
552 2097 603 2159 esi
625 2091 760 2160 inorbo
782 2093 898 2160 meins.

230 2180 327 2268 Quid,
351 2181 437 2268 quod
458 2203 577 2248 nomen
599 2181 722 2248 hebeni
744 2185 777 2248 ei
799 2183 840 2248 ed
863 2181 1016 2270 megisbri

230 2269 352 2336 Vocem
375 2271 510 2356 quisque
535 2269 586 2336 sui
609 2271 698 2335 venii
721 2271 862 2336 citatus?

229 2355 301 2424 Hoc
324 2357 484 2443 quondam
508 2357 609 2443 Libys
632 2357 752 2444 impius
765 2358 951 2446 profundo,

226 2443 314 2511 uum
337 2445 492 2530 praedam
515 2447 642 2512 celemo
666 2451 827 2514 tremente
851 2447 953 2533 ducib,

187 2550 220 2600 ιο
230 2533 346 2620 Raptis
369 2533 544 2601 luminibus
568 2539 701 2620 repente
723 2557 837 2603 caecus

230 2621 370 2707 (inpium
392 2644 458 2688 non
479 2624 587 2709 poluit
610 2624 719 2690 videre
741 2625 876 2710 piscem,
1111 2623 1123 2660 ⁸

228 2709 275 2776 Ei
295 2732 381 2778 nunc
403 2713 580 2795 sacrilegos
604 2734 738 2798 perosus
761 2713 876 2780 hemos

230 2798 372 2866 Baianos
396 2799 487 2866 sedec
511 2801 551 2866 ad
575 2801 665 2868 lecus
688 2805 832 2887 rogator.

229 2888 276 2954 Ab
297 2890 348 2972 iu,
371 2887 448 2954 dum
471 2893 579 2974 potes,
601 2889 755 2956 innocens
778 2887 890 2956 recede

188 2991 220 3041 15
230 2975 331 3041 Iactis
355 2975 558 3060 simplicibus
581 2978 663 3044 cibis
685 2979 720 3044 in
742 2978 859 3062 undas,

229 3064 276 3130 ut
298 3065 403 3150 pisces
427 3087 581 3132 venerere
605 3065 770 3133 delicatos.

229 3302 322 3381 Quod
344 3303 434 3388 cupis
458 3304 492 3369 in
514 3303 638 3370 nostris
661 3304 788 3389 dicique
811 3305 941 3391 legique
964 3305 1087 3374 libellis

271 3390 318 3457 Ei
338 3393 514 3457 nonnullus
537 3392 642 3458 honos
666 3393 809 3458 creditur
831 3393 894 3459 isle
918 3395 995 3478 tibi,

229 3476 278 3542 Ne
302 3479 443 3557 valeam,
466 3480 495 3546 si
516 3503 583 3546 nou
605 3502 657 3546 res
681 3484 731 3547 esi
754 3482 942 3565 gratissime
964 3483 1062 3548 nobis

273 3563 318 3630 nt
341 3566 417 3632 volo
441 3570 473 3632 le
497 3568 621 3634 chartis
645 3569 819 3634 inseruisse
844 3571 935 3637 meis.
