2568 4040
195 215 262 292 376
386 253 388 260 ·
478 223 595 280 mccx
612 220 918 314 nacaluuruou.

196 383 311 442 Summa
327 385 403 452 tuas,
421 383 572 454 Meleagro,
590 383 646 438 fuis
663 397 736 452 quae
755 379 847 452 gloria
864 380 957 438 famae
992 427 998 440 .
1028 427 1035 440 .
1090 385 1140 456 Ep.
1159 389 1192 438 15.

196 454 268 511 Sunt
281 455 365 523 bona,
379 456 447 510 sunt
460 454 600 524 quaedam
612 452 774 521 mediocria,
788 454 854 508 suut
867 451 944 508 mala
955 453 1042 523 plura
1122 457 1141 522 I,
1159 461 1192 509 16,

196 525 268 582 Sunt
285 526 400 582 chartas
418 525 498 598 mibi,
516 541 587 594 quas
606 525 721 580 Catonis
739 540 809 578 uxor
845 565 1032 582 ......
1097 525 1141 594 XI,
1159 533 1192 581 lt.

195 597 268 654 Sunt
284 596 391 668 gemini
408 596 519 664 iratres,
538 595 650 650 diversa
668 595 717 651 sed
735 593 854 665 inguina
871 593 997 664 lingunt,
1027 641 1034 654 .
1097 597 1142 664 III,
1158 603 1192 652 la

196 667 268 726 Sunt
285 667 409 750 quidam,
428 666 477 736 qui
495 681 540 721 me
559 665 657 722 dicant
674 683 731 722 nou
748 681 811 721 esse
829 668 961 735 poetam.
989 711 996 724 .
1027 711 1034 724 .
1057 667 1130 736 XIV,
1144 674 1193 723 191.

195 738 268 794 Sunt
284 737 349 806 tibi,
367 738 511 805 confiteor,
529 735 625 792 diffusi
642 737 742 808 iugera
759 735 852 806 campi
954 780 961 794 .
989 781 997 796 .
1027 781 1033 795 .
1097 739 1142 810 III,
1158 745 1194 794 31.

196 809 346 880 Supremas
364 808 419 864 tibi
437 808 533 863 tricies
551 807 582 862 in
600 825 673 863 nnnc
706 849 1035 867 ..........
1102 809 1143 878 .V,
1160 816 1195 864 39.

195 879 322 951 Surgiter
339 879 398 936 iam
416 879 515 935 vendit
531 878 627 950 pueris
645 878 788 934 ientacula
804 877 926 948 pistor.
956 923 963 936 .
991 923 998 936 .
1027 924 1035 938 .
1059 879 1131 949 XIV,
1144 887 1195 935 113.

195 950 362 1006 SurreutIna
377 949 472 1005 bibis?
489 966 541 1005 nec
558 949 684 1006 murrina
700 951 780 1022 plcta
797 966 849 1004 uec
868 966 967 1004 aarum
991 994 997 1005 .
1028 995 1035 1008 .
1059 951 1130 1020 XIII,
1145 958 1195 1006 11⁰.

195 1021 337 1092 SurripuIt
353 1023 452 1092 pastor
469 1037 541 1091 quae
559 1022 684 1077 noudum
702 1020 843 1076 stantibus
862 1019 961 1076 haedis
990 1065 996 1076 .
1027 1067 1034 1080 .
1070 1023 1142 1092 XIII,
1159 1027 1195 1077 39.

195 1092 247 1149 Sus
265 1093 327 1148 lora
344 1091 402 1148 iam
420 1092 535 1162 μαγίσι·
551 1091 656 1146 maturi
674 1092 792 1162 pignore
810 1091 918 1146 ventris
955 1135 961 1146 .
991 1135 999 1150 .
1028 1139 1034 1150 .
1091 1094 1143 1218 {V
1161 1100 1196 1148 14.

195 1162 280 1220 Sutor
297 1163 381 1220 cerdo
399 1161 480 1218 dedit
497 1162 560 1232 ribi,
579 1162 657 1218 calta
675 1162 810 1230 Bononia,
829 1179 930 1218 munus
955 1205 961 1218 .
991 1207 997 1219 .
1027 1208 1034 1221 .
1126 1166 1144 1230 Ι,
1160 1169 1195 1219 59.

195 1234 380 1306 Synthesibus
399 1233 466 1289 dum
485 1233 593 1304 gaudet
609 1249 695 1304 eques
714 1233 901 1297 dominusque
920 1237 1035 1290 senator
1088 1235 1160 1304 XIV,
1177 1242 1197 1290 1.

681 1421 717 1481 T.

194 1515 264 1571 Tam
282 1515 371 1570 dubia
388 1517 433 1572 est
449 1516 554 1585 lanugo
573 1516 636 1583 tibI,
655 1519 715 1572 tam
732 1515 835 1584 mollis,
854 1517 888 1570 ut
904 1515 986 1572 illam
1026 1560 1033 1573 .
1111 1517 1144 1585 X,
1161 1523 1196 1572 li.

194 1587 264 1642 Tam
281 1587 356 1642 male
375 1587 462 1643 Thais
481 1587 547 1654 olet,
567 1604 652 1656 quam
669 1604 726 1642 non
744 1586 861 1642 fullonis
880 1587 960 1642 avari
989 1629 996 1643 .
1025 1632 1033 1645 .
1098 1588 1144 1656 VI,
1162 1593 1197 1644 9³.

195 1659 267 1714 Tam
286 1673 371 1728 saepe
388 1659 515 1712 nostrum
534 1658 628 1728 decipi
646 1658 825 1712 Fabullinum
848 1701 855 1714 .
884 1702 891 1714 .
921 1705 926 1715 .
955 1703 962 1714 .
1084 1659 1144 1728 XII,
1161 1665 1197 1714 tl.

195 1728 265 1783 Tam
279 1728 431 1784 tremulum
444 1727 553 1796 crissat,
568 1731 626 1784 tam
641 1728 778 1784 blandum
790 1727 890 1798 prurit,
900 1732 934 1783 ut
946 1728 1041 1799 ipsum
1059 1729 1132 1798 XIV,
1145 1737 1197 1785 203.

195 1799 341 1869 Tanquam
357 1817 446 1870 parva
463 1799 538 1854 foret
555 1815 637 1854 sexus
656 1799 760 1854 iniuria
777 1799 869 1854 nostri
883 1842 1034 1858 .....
1056 1831 1057 1834 ¹
1116 1801 1160 1869 IX,
1177 1807 1198 1858 t.

194 1870 341 1940 Tanquam
358 1869 525 1940 simpliciter
543 1885 661 1938 mecum,
680 1869 852 1938 Callistrato,
870 1869 961 1926 vivas,
990 1915 998 1927 .
1028 1915 1034 1928 .
1085 1871 1144 1940 XII,
1161 1877 1196 1927 ³5.

195 1940 288 1996 Tanta
307 1943 351 1996 est
368 1957 440 2011 quae
458 1940 534 1995 Titio
553 1939 684 1997 columna
700 1941 818 2011 pendet.
845 1963 847 1966 ⁴
847 1983 1033 2000 ......
1098 1942 1144 2011 XI,
1160 1950 1196 1998 tt.

196 2011 290 2067 Tanta
307 2011 363 2066 tibi
381 2014 425 2066 et
437 2010 532 2066 animi
549 2011 676 2081 probitas
696 2011 817 2081 orisque,
836 2011 961 2068 Safroni.
990 2058 996 2069 .
1027 2034 1034 2070 ;
1080 2013 1127 2080 XI,
1145 2019 1195 2089 101.

194 2081 288 2137 Tanta
304 2081 360 2138 tibi
377 2084 422 2137 est
437 2081 509 2137 recti
526 2083 692 2150 reverentia,
711 2081 823 2150 Caesar,
843 2085 872 2138 ct
889 2081 975 2152 aequi
993 2127 999 2140 .
1029 2129 1035 2140 .
1115 2084 1159 2152 XI,
1175 2091 1195 2138 5,

104 2150 107 2156 ’
195 2151 302 2208 Tantos
321 2155 351 2207 et
369 2154 464 2207 tantas
484 2152 508 2206 si
527 2152 620 2208 dicere
639 2152 825 2208 Sextilianum
848 2198 854 2210 .
883 2197 890 2210 .
919 2197 925 2210 .
953 2198 961 2211 .
991 2197 998 2210 .
1027 2198 1033 2212 .
1100 2156 1143 2222 VI,
1159 2161 1188 2209 54

195 2223 317 2278 Tantum
335 2222 387 2278 dat
403 2223 459 2277 tibi
475 2223 567 2278 Roma
583 2223 727 2280 basiorum
740 2267 960 2282 .......
969 2255 997 2283 ¹.
1026 2269 1033 2283 .
1078 2225 1143 2296 XII,
1159 2231 1195 2280 bl.

195 2293 317 2348 Tantum
334 2309 440 2363 magna
457 2311 508 2349 suc
527 2294 613 2348 debet
630 2294 741 2360 Verona
759 2293 890 2352 Catullo.
919 2339 926 2352 .
954 2339 961 2353 .
989 2339 998 2354 .
1027 2340 1034 2354 .
1058 2297 1130 2364 XIV,
1146 2301 1195 2352 195.

195 2365 302 2419 Tantus
321 2380 351 2418 es
370 2367 400 2420 et
417 2363 484 2420 talis
502 2365 602 2432 nostri,
620 2365 800 2435 Polypheme,
820 2365 917 2422 Severi
955 2409 962 2422 .
991 2409 998 2424 .
1027 2411 1034 2425 .
1085 2367 1143 2435 VII,
1159 2373 1194 2422 38.
1255 2393 1256 2440 q

195 2434 333 2506 Tarpeiae
350 2434 509 2491 venerande
528 2438 620 2492 rector
638 2436 720 2491 aulae
742 2477 1035 2496 .........
1085 2438 1142 2504 VII,
1159 2443 1195 2493 60.

125 2515 127 2520 '
195 2505 331 2576 Tarpeias
349 2506 490 2562 Diodorus
509 2506 546 2561 ad
564 2523 680 2562 coronas
704 2549 1033 2566 ..........
1098 2509 1142 2576 lX,
1159 2513 1195 2562 40.

195 2576 326 2645 Tarraco,
346 2576 487 2647 Campano
506 2579 618 2632 tantum
637 2593 750 2632 cessura
767 2577 860 2646 Lyaeo
883 2619 890 2634 .
918 2621 926 2636 .
955 2621 962 2636 .
990 2621 998 2636 .
1028 2623 1035 2636 .
1058 2579 1131 2648 XIII,
1144 2585 1195 2634 118.

195 2647 319 2702 Taurino
337 2650 451 2718 poteras
469 2651 567 2718 pectus
587 2649 779 2718 constringere
797 2651 891 2718 tergo.
920 2693 927 2706 .
956 2691 964 2706 .
991 2691 999 2706 .
1030 2693 1036 2707 .
1073 2651 1143 2717 XIV,
1160 2655 1195 2704 66.

196 2719 236 2774 Te
255 2718 375 2774 fortasse
393 2718 485 2790 magis
504 2719 601 2789 capiat
619 2719 653 2773 de
671 2719 781 2788 virgine
799 2735 886 2788 porca
917 2717 925 2776 ζ
952 2763 959 2778 .
988 2763 996 2778 .
1026 2765 1033 2778 .
1070 2721 1142 2788 XIII,
1159 2725 1196 2774 56.

195 2789 335 2860 Tempora
352 2789 446 2844 Pieria
464 2790 565 2844 solitus
583 2789 715 2846 redimiro
733 2805 838 2846 corona
847 2833 1032 2848 ......
1086 2792 1143 2860 Xll,
1159 2796 1196 2845 52.

179 2858 332 2929 ¹'Tempore
350 2859 473 2914 brumali
491 2877 547 2916 non
565 2861 687 2916 multum
705 2860 780 2915 levia
797 2862 916 2928 prosunt
955 2905 961 2918 .
991 2905 998 2919 .
1028 2907 1034 2919 .
1058 2862 1129 2930 XIV,
1145 2866 1196 2916 136.

142 2971 152 2990 ,
195 2927 380 2998 Temporibus
398 2931 503 2986 nostris
523 2934 601 2986 aetas
620 2948 684 2986 cum
702 2931 785 2996 cedat
803 2947 919 2986 avorum
955 2975 962 2988 .
990 2975 997 2989 .
1027 2976 1032 2988 .
1073 2933 1142 3000 VIII,
1159 2938 1195 2988 to.

195 2997 249 3053 Ter
267 3002 387 3054 centena
404 3001 519 3068 quidem
536 3006 650 3071 poteras
669 3001 875 3071 epigrammata
892 3001 964 3058 ferre
990 3047 996 3060 .
1026 3048 1033 3060 .
1126 3004 1159 3071 II,
1176 3009 1195 3057 1.

195 3068 362 3124 Tercentum
380 3069 479 3139 Libyci
497 3072 607 3126 modios
626 3073 661 3126 de
679 3089 774 3128 messe
789 3071 883 3128 coloni
919 3115 926 3130 .
955 3117 962 3131 .
990 3118 997 3130 .
1027 3117 1033 3131 .
1071 3075 1143 3143 XIII,
1161 3080 1196 3128 12.
1255 3095 1256 3174 q

195 3139 344 3195 Terrarum
363 3141 416 3196 dea
433 3142 616 3212 gentiumque
634 3143 726 3197 Roma
742 3186 891 3201 .....
905 3157 927 3202 ’.
956 3187 962 3201 .
992 3188 1034 3202 ..
1102 3145 1159 3215 XII,
1175 3149 1196 3200 8.
1255 3177 1256 3218 q

194 3211 284 3266 Terta
301 3211 375 3266 rosis
391 3212 512 3267 fortasse
531 3213 585 3267 tibi
603 3213 649 3268 vel
668 3213 756 3268 diuite
774 3213 864 3268 nardo
883 3257 1032 3274 .....
1070 3217 1142 3284 XIII,
1160 3222 1197 3270 51.
1255 3219 1256 3286 l

195 3282 305 3337 Thaida
318 3273 438 3349 Quihtus
454 3287 543 3338 amat:
558 3301 644 3353 quam
656 3285 784 3339 Thaida?
805 3285 917 3340 Thaida
930 3285 1037 3342 luscam
1114 3288 1160 3353 III,
1176 3291 1197 3340 8.

196 3352 309 3407 Thaida
326 3357 385 3408 tam
403 3358 517 3410 tenuem
534 3355 662 3426 potuisti,
681 3356 789 3424 Flacco,
808 3356 922 3412 videre?
954 3400 961 3415 .
989 3399 996 3414 .
1025 3400 1033 3414 .
1080 3359 1126 3428 XI,
1145 3363 1197 3413 101.

196 3423 282 3476 Thais
301 3424 389 3480 babet
406 3425 511 3495 nigros,
529 3427 625 3482 niveos
643 3426 784 3483 basconia
801 3427 927 3485 dentes.
955 3469 963 3486 .
990 3470 998 3486 .
1027 3472 1034 3486 .
1111 3431 1144 3498 V,
1160 3435 1197 3484 13.

156 3507 157 3510 ’
195 3490 290 3544 Theca
306 3496 398 3548 tectus
418 3497 528 3551 ahenea
545 3498 657 3552 lavatur
669 3539 1032 3558 ...........
1097 3501 1144 3568 XI,
1162 3506 1196 3556 15.

197 3559 307 3628 Thelyn
324 3563 437 3619 viderat
454 3566 483 3620 in
503 3570 573 3637 toga
590 3568 745 3638 spadonem
778 3609 1034 3630 ........
1112 3571 1145 3642 X,
1161 3577 1196 3628 bl.
