2568 4040
274 1298 367 1366 Editi
391 1305 469 1367 aunt
492 1323 512 1366 a
534 1300 687 1367 Martiale
710 1305 748 1366 ut
771 1299 888 1366 statuit
909 1297 1140 1366 Friedlaender

197 1507 531 1635 Libardpeataculorbum
551 1525 624 1564 auno
643 1515 679 1566 80
703 1509 764 1580 (aad
782 1513 849 1580 post
872 1507 973 1565 addita
992 1511 1059 1566 suut
1077 1508 1210 1580 epigram·

231 1596 279 1634 ma
330 1587 355 1647 a,
375 1587 418 1647 aa,
438 1587 472 1636 aa
489 1585 508 1650 ).

196 1649 275 1708 Libri
292 1650 306 1705 1
325 1654 355 1706 at
372 1651 399 1705 ll
418 1655 468 1706 aut
488 1668 513 1706 a.
533 1655 567 1707 85
586 1653 637 1706 aut
655 1668 681 1707 a.
700 1657 743 1708 99.

196 1721 283 1776 Liber
300 1721 339 1777 III
358 1725 407 1776 aut
427 1739 452 1776 a.
472 1729 506 1778 87
526 1725 577 1777 aut
594 1740 619 1778 a.
639 1728 681 1778 88.

196 1793 284 1848 Liber
301 1793 341 1848 IV
360 1797 479 1848 exeunte
498 1810 522 1848 a.
543 1799 585 1848 88.

196 1863 282 1920 Liber
299 1865 325 1918 V
344 1867 479 1919 autumno
498 1863 565 1918 anui
583 1869 626 1919 99.

196 1934 283 1990 biber
299 1935 340 1990 VI
358 1939 467 1990 aestate
486 1935 536 1990 aut
554 1937 690 1990 autumno
710 1933 777 1990 anni
796 1941 839 1992 99.

197 2006 281 2062 Liber
298 2007 351 2062 VII
370 2009 489 2062 exeunte
508 2023 581 2061 anuo
601 2012 643 2062 99.

197 2077 282 2132 Libat
300 2077 365 2132 VIII
384 2095 458 2132 anno
477 2083 512 2132 99
531 2077 589 2132 Iera
607 2077 709 2133 medio.

198 2148 285 2204 Liber
302 2149 342 2203 IX
361 2165 434 2204 anno
454 2156 488 2204 94
507 2149 565 2204 fere
583 2148 686 2204 medio.

71 2271 76 2278 ,
197 2219 281 2275 Liber
298 2220 339 2274 lI¹
357 2237 430 2275 auno
450 2225 493 2282 95,
512 2220 552 2274 X'
570 2235 644 2274 anno
662 2225 697 2275 98
715 2219 775 2274 tara
793 2217 896 2274 madio.

165 2319 166 2324 κ
197 2291 282 2348 Liber
300 2291 339 2344 XI
359 2290 557 2346 Saturnalibus
577 2290 644 2345 anni
663 2297 705 2346 99.

198 2362 284 2418 Liber
301 2361 353 2416 XII
372 2361 456 2417 inibio
476 2361 542 2417 anui
563 2367 611 2415 101
633 2364 694 2428 (aut
712 2360 780 2416 anni
800 2365 870 2431 102).

74 2456 76 2460 ·
161 2453 163 2458 ·
197 2433 276 2489 Libri
294 2433 360 2490 XIII
379 2437 409 2488 et
427 2433 492 2489 XIV
512 2432 710 2488 Saturnalibus
729 2432 797 2487 anni
815 2438 850 2488 al
869 2434 920 2487 aut
938 2437 980 2488 ab.
1056 2445 1059 2449 ·
