2596 4034
18 13 22 28 ¹
72 25 76 63 ι

7 217 21 292 ³2
70 208 74 294 ἱ
450 249 750 308 neienannmorv
768 251 835 307 mn.
854 251 888 310 x.
1114 253 1179 318 229

56 412 70 498 j
203 415 267 480 Hic
291 436 353 502 ego
369 411 454 500 ,quid
477 413 620 480 faciam?
644 415 720 500 quid
744 413 852 499 nobie,
871 411 985 500 Paule,
1007 414 1179 502 relinquis,

11 503 30 561 '-
63 501 71 553 l
251 504 314 582 Qui
337 504 377 568 de
401 505 497 589 plebe
521 503 649 570 Numae
673 503 836 590 densaque
860 503 958 570 turba
981 505 1116 570 snmus?

10 594 60 681 ,3
179 592 267 669 aaut
290 617 342 658 me
365 593 532 678 respiciet,
555 593 723 660 dominum
746 614 920 678 regemque
943 593 1090 674 vocabo?

4 686 12 729 *¹
63 711 67 760 3
249 681 321 748 Hoc
344 687 381 747 tn
404 682 521 747 —sed
544 687 667 768 quanto
690 682 856 748 blandius!
876 717 920 728 -
939 681 1010 768 ipse
1033 682 1123 750 facis.

63 775 65 784 ⁴
205 769 368 837 Lecticam
393 771 549 836 sellamve
573 772 712 855 sequar?
735 793 793 836 nec
817 770 901 836 ferre
924 793 1069 856 recusas,

60 791 69 1034 ι
249 859 312 925 Per
334 860 477 926 medium
501 877 629 947 pugnas
654 860 711 926 sed
735 861 824 944 prior
846 859 912 925 isse
935 860 1051 926 lutum.

27 1012 30 1016 .
207 947 343 1032 Saepius
357 969 540 1034 assurgam
563 949 716 1015 recitanti
740 949 906 1015 carmina?
929 953 966 1013 tn
989 952 1058 1016 stas

163 1055 196 1103 ιο
250 1037 297 1102 Et
319 1039 444 1122 pariter
467 1037 614 1123 geminas
638 1039 744 1105 tendis
767 1037 800 1102 in
825 1059 882 1103 ora
904 1059 1029 1103 manus.

63 1143 67 1207 2
206 1125 291 1202 Quid
313 1125 413 1191 faciet
436 1147 575 1211 pauper,
597 1127 649 1191 cui
671 1149 738 1192 non
760 1127 837 1190 licet
860 1147 931 1190 esse
954 1125 1088 1192 clienti?

191 1301 193 1308 ,
250 1214 387 1280 Dimisit
409 1220 541 1280 nostras
564 1237 708 1301 purpura
730 1219 841 1280 vestra
862 1219 969 1300 togas.

643 1345 690 1410 XI

206 1442 263 1509 Nil
287 1443 377 1508 aliud
400 1443 558 1528 loqueris,
582 1466 680 1528 qnam
703 1443 831 1509 Thesea
852 1441 1115 1530 Pirithoumque,

251 1531 360 1618 Teque
383 1537 480 1618 putas
503 1532 635 1617 Pyladi,
659 1530 855 1617 Calliodore‚
878 1553 1000 1618 parem.

0 1652 1 1683 i
59 1567 63 1776 ¹
206 1621 413 1706 Dispoream,
437 1620 466 1686 si
489 1624 525 1688 tu
548 1621 667 1705 Pyladi
689 1625 857 1706 praestare
881 1621 1050 1686 matellam
1157 1681 1161 1690 .

60 1777 62 1784 .
251 1709 379 1796 Dignus
403 1731 437 1775 cs
461 1714 519 1775 aut
541 1732 657 1796 porcos
680 1732 813 1795 pascere
835 1704 997 1776 Pirithoi

45 1799 51 1830 ²
180 1797 352 1884 5„Donavi
375 1799 505 1864 tamen“
526 1799 635 1884 inquis
657 1799 782 1884 „amico
806 1799 896 1865 milia
920 1800 1061 1886 quinque
1134 1876 1139 1885 ι

48 1887 62 1952 'l
190 1893 225 1952 ‘l
250 1888 296 1954 Et
318 1888 422 1954 lotam
446 1891 483 1952 nt
505 1889 646 1954 multum
670 1892 759 1954 terve
783 1894 938 1973 quaterve
961 1885 1102 1972 togam.“

1 1983 2 2006 ¹
59 2057 61 2064 γ
207 1975 307 2060 Quid,
330 1977 417 2061 quod
440 1977 487 2042 nil
510 2000 652 2063 unquam
677 1976 816 2061 Pylades
840 1977 975 2042 donavit
997 1975 1154 2042 Orestae?

13 2122 23 2130 .
58 2068 61 2102 ²
183 2137 188 2171 v
251 2065 315 2143 Qui
338 2067 439 2131 donat
462 2067 611 2151 quamvis
634 2066 790 2151 plurima,
812 2067 908 2152 plura
930 2069 1039 2152 negat.

633 2207 697 2272 XII

205 2301 368 2370 Aemiliae
392 2307 506 2390 gentes
530 2307 563 2370 et
586 2304 776 2390 Apollineas
799 2303 967 2372 Vercellas

250 2393 296 2458 Et
319 2393 539 2458 Phaethontei
563 2393 619 2478 qui
642 2395 726 2478 petis
751 2416 830 2459 arva
852 2393 948 2477 Pedi,

204 2480 255 2548 Ne
278 2481 401 2565 vivam,
424 2483 488 2547 nisi
511 2486 559 2562 te,
581 2479 721 2564 Domiti,
744 2482 874 2548 dimitto
898 2483 1051 2569 libenter,

249 2569 353 2637 Grata
376 2571 454 2636 licet
477 2571 602 2636 sinete
626 2572 670 2635 sit
692 2571 773 2636 mihi
794 2573 887 2638 nulla
910 2572 993 2638 dies:

53 2703 58 2712 ·
178 2659 268 2726 essed
292 2659 488 2726 desiderium
512 2660 596 2724 tanti
621 2663 685 2744 est,
706 2664 744 2724 ut
759 2683 870 2726 messe
893 2662 945 2727 vel
967 2683 1034 2728 una

247 2747 384 2828 Urbano
408 2749 532 2813 releves
556 2749 641 2837 colla
663 2751 799 2834 perusta
821 2751 909 2838 iugo.

203 2837 229 2926 Is
243 2859 358 2922 precor
381 2841 415 2902 et
437 2840 528 2902 totos
552 2837 646 2903 avida
669 2842 742 2903 cute
765 2838 912 2906 combibe
935 2839 1034 2924 soles,
1054 2875 1096 2887 -

248 2925 276 2992 0
300 2949 399 3012 quam
422 2926 599 3006 formaene,
623 2927 700 2992 dum
722 2929 913 3013 peregrinus
938 2927 1016 3006 erist

204 3015 250 3080 nt
271 3017 392 3092 venies¹
408 3015 492 3082 albis
516 3039 581 3082 non
606 3016 851 3102 adgnoscendus
876 3016 989 3084 amicis

35 3103 57 3178 ’,
162 3121 193 3170 10
248 3103 444 3190 Livebitque
466 3105 533 3170 tuis
557 3105 683 3190 pallida
705 3104 803 3172 turba
826 3105 926 3190 genis.

14 3184 58 3268 ,l‘
204 3191 267 3260 Sed
289 3193 344 3259 via
367 3216 465 3279 quem
489 3193 627 3278 dederit,
650 3195 757 3281 rapiet
779 3193 844 3259 cito
868 3193 973 3260 Roma
996 3195 1151 3282 colorem,

247 3281 378 3350 Niliaco
401 3282 516 3348 redeas
539 3287 575 3350 tu
599 3284 677 3349 licet
700 3305 755 3350 ore
777 3283 880 3369 niger.

623 3425 713 3492 XIII.

203 3522 286 3606 Cum
310 3522 560 3590 cathedralicios
583 3527 695 3610 portet
717 3522 779 3589 tibi
801 3521 899 3588 raeda
922 3521 1090 3588 ministros
1119 3569 1126 3582 ,

245 3613 293 3678 Ilt
315 3611 417 3700 Libys
441 3613 476 3677 in
499 3613 600 3700 longo
624 3614 758 3698 pulvere
782 3612 876 3678 sudet
899 3633 1011 3699 eques,
1083 3628 1087 3635 '
