2596 4032
166 215 233 282 284
496 214 535 272 M.
553 215 636 274 VAL.
654 213 853 271 murmure

656 376 697 444 V.

210 483 356 570 Longior
380 484 540 551 undecimi
562 484 658 551 nobis
682 483 861 570 decimique
884 483 989 550 libelli

254 572 396 639 Artatus
419 574 514 641 labor
536 578 587 639 est
609 577 644 638 et
666 574 764 640 breve
787 573 869 639 rasit
893 594 983 657 opus.

210 661 310 726 Plura
333 662 446 749 legant
469 663 576 746 vacui,
600 661 717 747 quibus
741 661 810 728 otia
833 666 906 728 tuta
929 660 1060 727 dedisti:

255 748 346 816 Haec
369 753 440 838 lege
463 755 513 836 tu,
537 749 671 836 Caesam
693 749 806 816 forsan
829 755 862 818 et
883 751 943 816 illa
965 750 1065 837 leges.

211 1064 361 1154 Contigit
383 1067 549 1133 Ausoniae
572 1088 744 1152 procerum
767 1066 959 1133 mitissimus
984 1067 1077 1134 eulae

254 1155 375 1222 Nerva:
400 1157 476 1222 licet
499 1157 573 1221 tuto
596 1179 682 1221 nunc
704 1153 863 1222 Helieone
885 1157 964 1220 frui:
1016 1213 1017 1216 ,

209 1243 313 1310 Recta
334 1245 428 1330 fides,
450 1244 567 1309 hilaris
592 1243 776 1327 clementie,
799 1247 895 1310 cauta
918 1249 1063 1328 potestas

254 1333 325 1398 Iam
348 1333 498 1417 redeunt3
520 1334 612 1420 longi
635 1337 730 1420 terga
753 1331 868 1398 dedere
891 1339 1007 1400 metus.

184 1419 283 1488 oHoc
305 1422 420 1508 populi
442 1426 618 1508 gentesque
641 1427 731 1507 tuae,
753 1421 809 1506 pie
832 1421 951 1506 Rome,
974 1425 1168 1508 precantur:

254 1509 329 1574 Dux
352 1511 414 1575 tibi
437 1512 487 1576 sit,
506 1533 634 1596 semper
657 1511 749 1594 telis,
773 1514 806 1574 et
829 1511 892 1575 iste
916 1511 980 1576 diu.

210 1596 318 1664 Macte
337 1599 451 1678 animi,
467 1621 563 1684 quem
582 1622 675 1664 rarus
695 1599 811 1684 habes,
826 1621 1017 1685 morumque
1036 1605 1189 1687 tuorum,

165 1739 168 1750 .
256 1685 344 1762 Quos
367 1687 490 1770 Numa,
514 1710 595 1774 quoa
618 1687 732 1752 hilaris
756 1688 862 1772 possit
885 1687 1006 1754 habere
1030 1685 1124 1755 Cato.

210 1773 352 1860 Largiri,
374 1780 556 1861 praestare,
579 1777 693 1842 breves
717 1775 887 1842 extendere
910 1798 1040 1862 census,

168 1879 201 1928 ιο
255 1863 302 1928 Et
325 1864 401 1928 dare
425 1886 507 1948 quae
530 1864 642 1940 faciles
661 1865 715 1928 vix
738 1863 880 1930 tribuere
902 1864 967 1950 dei,

210 1943 307 2018 Nunc
329 1939 407 2027 licet
430 1957 463 2017 et
486 1951 536 2018 fas
560 1957 620 2018 est.
656 1952 719 2018 Sed
735 1956 778 2020 tu
802 1955 862 2018 sub
886 1954 1031 2040 principe
1054 1953 1139 2022 duro

215 2053 216 2056 ’
255 2040 534 2126 Temporibusque
558 2041 653 2106 malis
677 2064 775 2108 ausus
799 2063 833 2108 es
857 2064 928 2108 esse
952 2043 1066 2109 bonus.

637 2251 711 2318 VH.

210 2357 295 2423 Toto
318 2359 439 2425 vertice
463 2364 543 2444 quot
567 2359 651 2446 gerit
674 2361 824 2447 capillos,
867 2329 869 2332 Ι
915 2347 916 2350 ¹

191 2445 324 2517 ‚Annos
348 2448 376 2512 si
398 2451 451 2513 tot
473 2448 573 2514 habet
596 2447 703 2534 Ligia,
726 2450 826 2516 trima
849 2455 908 2516 est

628 2659 719 2726 Vill.

209 2765 384 2830 Terrarum
408 2766 468 2830 dea
490 2766 700 2851 gentiumque
723 2765 843 2850 Roma,

210 2853 272 2920 cei
293 2877 353 2940 par
376 2858 427 2918 est
449 2853 532 2918 nihil
556 2858 588 2918 et
611 2855 694 2918 nihil
718 2855 908 2941 secundum,

210 2943 343 3008 Traiani
366 2943 462 3007 modo
486 2943 573 3007 laeta
597 2965 669 3008 cum
692 2941 821 3008 futuros

210 3031 274 3097 Tot
296 3053 355 3116 per
379 3031 509 3096 saecula
532 3036 735 3116 computaret
758 3054 874 3117 annos,

183 3119 256 3186 bEt
278 3120 397 3184 fortem
420 3121 631 3204 iuuenemque
655 3119 875 3206 Martiumque

208 3207 247 3272 In
271 3213 363 3274 tanto
387 3208 466 3273 duce
490 3209 628 3273 militem
652 3209 788 3294 videret,

210 3297 303 3362 Dixit
326 3297 473 3380 praeside
497 3298 642 3382 gloriosa
665 3300 738 3362 tali:

210 3385 424 3468 „Parthorum
447 3407 595 3470 proceres
620 3387 778 3472 ducesque
802 3387 930 3474 Serum,

210 3473 365 3557 ThraceS,
390 3471 616 3560 Sauromatae,
641 3475 756 3559 Getae,
780 3478 943 3563 Britanni,

167 3577 199 3627 ιο
209 3561 349 3625 Possum
373 3562 542 3630 ostendere
564 3564 752 3650 Caesarem3
776 3567 910 3632 venite.“
