2596 4034
415 248 802 308 urreasuurrorura.
821 250 855 308 x.
1078 251 1144 320 245

7 401 8 438 ³
144 411 281 498 5Κύριέ
301 436 382 498 μου,
405 410 481 498 μέλι
503 437 584 500 μου,
608 417 698 500 ψυχή
721 438 788 500 μου
811 415 960 500 congeris
983 437 1098 502 usque,
1228 389 1232 394 Ι

216 502 343 569 —Pro
366 502 484 586 pudor!
506 539 545 551 -
567 503 732 570 Hersiliae
755 504 835 570 civis
860 509 893 570 et
915 503 1064 590 Egeriae.

170 590 324 659 Lectulus
348 591 409 656 bas
432 613 542 678 voces,
564 613 624 659 neo
646 593 784 660 lectulus
808 594 919 660 audiat
942 595 1061 680 omnis,

216 681 280 748 Sed
304 703 401 768 quem
424 681 546 748 lascivo
570 684 689 748 stravit
713 683 819 749 amica
840 683 920 750 viro.
951 695 956 748 t

172 769 262 838 Scire
285 769 378 856 cupis
402 791 466 857 quo
490 775 582 838 casta
606 773 703 838 modo
726 777 879 839 matrona
901 771 1068 860 loquaris?
1133 823 1136 830 ,

127 877 160 928 10
214 859 396 946 Numquid,
419 882 493 928 cum
516 863 650 946 crisses,
672 861 825 929 blandior
847 884 918 928 esse
940 859 1059 947 potes?

170 948 222 1015 'I'u
245 949 323 1016 licet
347 949 472 1016 ediscas
496 953 602 1016 totam
625 951 811 1037 referasque
835 949 1031 1036 Corinthon,

215 1039 292 1106 Non
314 1042 426 1106 tamen
448 1041 596 1124 omnino,
619 1039 745 1124 Laelia,
768 1039 846 1106 Lais
870 1041 943 1110 eris.

579 1170 695 1239 LXIX.

171 1268 332 1338 Custodes
356 1268 428 1353 des,
451 1267 558 1354 Polla,
582 1270 667 1356 viro,
689 1292 754 1336 non
779 1269 899 1356 accipis
922 1269 1004 1356 ipsa
1108 1249 1110 1254 ,

216 1359 289 1426 Hoc
311 1362 362 1425 est
384 1379 521 1424 uxorem
544 1357 673 1446 ducere,
696 1357 805 1444 Polla,
827 1359 942 1425 virum.
1118 1367 1119 1370 ’

585 1499 685 1567 LXX.

172 1599 264 1676 Quod
288 1598 369 1664 mihi
391 1599 447 1665 vix
469 1621 554 1664 unus
577 1601 649 1665 toto
673 1597 757 1664 liber
780 1603 874 1664 exeat
898 1620 996 1682 anno,

216 1687 371 1754 Desidiae
393 1688 457 1753 tibi
481 1691 568 1771 sum,
592 1687 686 1754 docte
709 1687 831 1772 Potite,
855 1709 938 1753 reus.

171 1777 295 1844 Iustius
319 1780 355 1842 at
379 1779 502 1862 quanto
525 1777 655 1858 mirere,
679 1776 765 1862 quod
789 1780 883 1842 exeat
905 1798 1003 1862 unus,
1036 1790 1045 1814 ⁸

109 1929 111 1932 ,
158 1905 169 1955 p
216 1866 387 1932 Labantur
409 1866 473 1931 toti
497 1887 571 1932 cum
593 1865 675 1930 mihi
699 1887 796 1950 saepe
820 1866 897 1932 dies.

146 1953 268 2022 5Nunc
290 1955 508 2020 resalutantes
532 1953 627 2020 video
650 1958 827 2020 nocturnus
851 1954 986 2040 amicos,

218 2044 374 2110 Gratulor
397 2046 430 2108 et
453 2043 580 2128 multis3
601 2065 712 2128 nemo,
733 2042 855 2127 Potite,
878 2043 970 2109 mibi.

13 2135 14 2139 ’
128 2138 134 2174 ”
171 2131 268 2200 Nune
291 2133 332 2198 ad
356 2132 526 2198 luciferam
549 2134 659 2217 signat
681 2153 754 2198 mea
778 2153 907 2217 gemma
930 2131 1084 2217 Dianam,

216 2221 312 2290 Nunc
334 2243 387 2287 me
409 2221 516 2307 prima
540 2221 617 2306 sibi,
639 2243 725 2286 nunc
749 2223 813 2286 sibi
836 2221 950 2308 quinta
972 2221 1069 2308 rapit

172 2310 269 2378 Nunc
291 2311 405 2376 consul
428 2315 600 2395 praetorve
622 2314 713 2375 tenet
735 2311 932 2396 reducesque
955 2331 1108 2396 coronae,

129 2417 161 2467 ιο
217 2399 361 2467 Auditur
382 2403 455 2465 tota
479 2421 575 2486 saepe
598 2405 697 2486 pocta
719 2399 780 2466 die.

173 2488 238 2558 Sed
260 2511 321 2556 nec
344 2487 506 2556 causidico
530 2491 635 2574 possis
658 2491 791 2575 impune
813 2509 947 2577 negare,

216 2577 286 2646 Nec
310 2577 339 2643 si
361 2581 395 2643 te
417 2577 530 2646 rhetor
553 2581 827 2664 grammaticusve
849 2583 976 2666 rogent

171 2667 297 2734 Balnea
318 2670 396 2752 post
419 2667 577 2733 decimam
599 2668 687 2732 lasso
710 2672 903 2753 centumque
925 2672 1089 2753 petrmtur-

217 2756 434 2836 Quadranter.
468 2754 542 2822 Fiet
564 2756 708 2842 quando,
732 2755 854 2841 Potite,
877 2757 983 2823 liber?

579 2895 696 2963 LXXI.

172 2995 326 3081 Quisquis
350 2996 439 3062 laeta
461 2996 527 3062 tuis
551 2999 585 3060 et
608 3017 680 3060 sera
703 2995 893 3082 parentibus
916 3002 1012 3083 optas

216 3083 315 3169 Fata,
337 3085 471 3152 brevem
494 3085 629 3150 titulum
652 3085 824 3150 marmoris
847 3085 943 3151 huius
967 3108 1050 3153 ama.

172 3172 327 3242 Condidit
349 3175 412 3240 hac
436 3195 529 3240 ceras
553 3175 668 3240 tellure
692 3173 845 3240 Rabirius
869 3175 1016 3262 umbres3

215 3261 309 3330 Nulli
333 3269 423 3330 sorte
446 3265 555 3329 iacent
578 3263 763 3330 candidiore
788 3284 894 3328 senes:

144 3351 230 3418 eBis
254 3373 311 3418 sex
334 3352 440 3418 lustra
463 3353 530 3418 tori
552 3376 617 3419 nox
641 3353 731 3418 mitis
756 3355 788 3416 et
810 3351 927 3417 ultima
950 3351 1060 3437 clusit,

215 3443 378 3508 Arserunt
401 3463 466 3508 uno
490 3441 605 3508 funera
628 3443 705 3508 bina
728 3462 817 3526 rogo.

170 3529 243 3596 Hos
266 3535 379 3596 tamen
402 3535 440 3596 ut
463 3532 579 3614 primis
603 3536 715 3615 raptos
735 3529 798 3595 sibi
817 3529 943 3617 quaerit
966 3531 1000 3595 in
1019 3529 1121 3597 annis.

214 3619 401 3706 Improbius
425 3619 509 3685 nihil
533 3619 584 3685 his
608 3619 739 3685 fletibus
763 3641 834 3685 esse
857 3623 974 3706 potest.
