2596 4034
115 211 117 215 ,
195 177 278 244 -210
536 175 575 232 n.
592 172 675 230 vnn.
694 171 894 228 uerrucis

254 309 402 426 „Graece
417 337 593 423 numquid“
617 338 664 404 uit
686 341 816 423 ‚,poete,
839 337 969 404 nescis?

230 429 417 513 olnscripte
440 433 491 493 est
514 428 602 493 basis
625 427 811 512 indicatque
834 426 982 494 nomen.“

256 519 435 584 Λυσίππου
456 516 545 602 lego,
568 515 704 582 Phidiae
727 515 851 602 putari.

669 673 768 742 XLV.

255 781 350 850 Miles
374 780 603 866 Hyperboreos
627 781 737 866 modo,
761 780 965 865 Marcelline,
988 781 1114 849 triones

299 869 344 937 Ec
367 869 473 935 Getici
495 871 618 935 tuleras
643 871 750 936 sidere
772 871 868 956 pigre
890 871 974 956 poli:
1120 879 1121 882 ’

255 959 339 1026 Ecce
362 959 549 1025 Promethei
572 981 669 1045 rupes
692 963 725 1024 et
748 959 860 1024 fabule
885 959 1006 1024 montis

300 1047 405 1124 Quem
427 1070 529 1133 prope
553 1055 630 1112 sunt
653 1048 755 1114 oculis
780 1071 864 1114 nunc
889 1047 1037 1114 adeunde
1059 1049 1142 1114 tuis!

229 1135 385 1204 eVideris
408 1137 575 1202 immensis
600 1159 673 1202 cum
697 1139 900 1203 conclamate
924 1137 1077 1222 querellis

302 1225 387 1292 Sera
411 1227 511 1310 senis,
534 1226 620 1291 dices
643 1225 784 1312 „Durior
806 1225 877 1312 ipse
900 1226 991 1292 fuitf‘

255 1313 301 1381 Et
323 1315 399 1381 licet
421 1315 501 1381 heec
525 1315 638 1380 addus:
661 1315 791 1399 „Potuit
814 1315 870 1400 qui
893 1317 973 1380 telio
996 1316 1095 1402 ferre,

300 1402 487 1470 Humanum
511 1405 628 1470 merito
652 1405 791 1470 finxerat
812 1404 867 1470 ille
890 1405 1021 1491 genus.“

660 1561 775 1629 XLVI.

256 1667 381 1736 Gellius
405 1669 554 1734 aedificet
578 1691 716 1754 semper:
739 1669 835 1734 modo
860 1669 976 1734 limine
997 1671 1105 1756 ponit,

301 1756 395 1823 Nunc
417 1755 542 1823 foribus
567 1759 674 1823 eluces
698 1761 791 1843 aptat
814 1759 955 1844 emitque
979 1782 1082 1841 seras,
1190 1809 1197 1844 ,a

256 1844 351 1912 Nunc
375 1846 448 1929 hes,
471 1868 556 1911 nunc
578 1845 654 1910 illes
677 1848 781 1912 reficit
804 1851 974 1932 mutatque
998 1848 1176 1934 fenestras3

300 1933 388 2000 Dum
410 1937 542 1998 tentum
565 1935 723 2017 aedificet,
747 1934 907 2021 quidlibet
928 1937 985 2002 ille
1008 1936 1088 2003 fecit
1108 1973 1147 1984 -

229 2021 372 2088 roranti
394 2045 545 2088 nummos
569 2027 605 2088 ut
628 2024 732 2089 dicere
755 2023 861 2108 possit
884 2023 988 2090 emico
1150 2026 1163 2076 l

303 2111 409 2177 Unum
432 2111 514 2177 illud
539 2112 671 2177 verbum
697 2111 819 2177 Gellius
840 2111 1035 2199 „Aedifico.“

636 2269 784 2352 unm.
867 2217 902 2330 is

246 2373 475 2459 ·Democritos,
498 2375 645 2443 Zenonas
670 2378 939 2464 inexplicitosque
962 2379 1118 2447 Platonas

279 2475 282 2479 '
302 2463 463 2550 Quidquid
486 2470 519 2530 et
541 2465 675 2532 hirsutis
700 2469 830 2552 squalet
852 2468 1065 2556 imaginibus,

257 2550 311 2618 Sic
334 2554 428 2638 quasi
451 2554 658 2640 Pythagorae
681 2557 825 2640 loqueris
849 2579 1015 2624 successor
1039 2563 1071 2624 et
1094 2560 1205 2629 heres.

301 2641 503 2727 Praependet
526 2666 603 2708 sane
625 2666 685 2710 nec
708 2647 769 2710 tibi
794 2645 896 2712 barbe
919 2649 1040 2714 minor:

216 2727 320 2795 ‘cSed
343 2731 429 2816 quod
453 2735 486 2796 et
508 2731 645 2798 hircosis
669 2755 776 2799 serum
800 2739 850 2799 est
873 2741 907 2801 et
930 2741 1026 2822 turpe
1049 2737 1187 2826 pilosiS‚

301 2818 341 2884 ln
363 2821 457 2885 molli
480 2820 621 2906 rigidam
645 2822 738 2888 clune
762 2823 903 2890 libenter
926 2825 1038 2892 hebes.

257 2905 320 2992 Tu,
342 2909 397 2993 qui
422 2921 581 2974 sectarum
606 2933 719 2976 causes
744 2917 776 2986 et
799 2913 944 2997 pondere
967 2917 1070 3000 noeti,

302 2997 363 3064 Dic
385 2997 481 3083 mihi,
502 2999 639 3086 persidi,
663 3000 850 3088 Pennyche,
874 3003 994 3092 dogma
1017 3003 1104 3094 quod
1128 3010 1207 3075 est?

644 3157 794 3228 XLVIII.

257 3247 417 3330 Heredbm
441 3287 513 3356 cum
537 3289 589 3332 me
613 3265 716 3352 pertis
742 3269 817 3354 tibi,
842 3269 989 3355 Gerrice,
1013 3279 1149 3359 quartae

303 3353 363 3418 Per
385 3358 443 3420 tue
465 3354 589 3422 iurares
614 3379 707 3422 sacre
730 3364 892 3444 caputque
916 3364 1023 3444 tuum,

256 3439 472 3529 Credidimus,
486 3481 523 3493 -
536 3447 607 3530 quis
618 3445 703 3512 enim
715 3447 845 3514 damnet
856 3471 916 3514 sue
926 3455 1003 3516 vote
1012 3451 1179 3518 libenter?
1194 3493 1233 3502 -

300 3529 347 3594 Et
364 3553 460 3616 spem
483 3536 672 3600 muneribus
696 3536 836 3604 fovimus
860 3560 962 3624 usque
986 3539 1080 3606 detis.
