2528 4038
339 223 641 280 EPIGRAMMATON
659 224 726 282 LIB.
746 225 793 284 Vl.

103 388 222 456 Nullae
245 389 292 456 sic
314 387 377 454 tibi
400 387 611 454 blandientur
634 388 753 476 undae,

103 478 170 545 Nec
194 479 301 546 fontes
325 477 436 562 Aponi
458 477 554 542 rudes
577 478 708 563 puellis,

82 567 177 632 oNon
201 569 309 634 mollis
335 565 490 634 Sinuessa
514 565 693 652 fervidique

103 655 234 722 Fluctus
257 657 404 724 Passeris
427 659 485 722 aut
509 656 668 742 superbus
693 659 820 744 Anxur,
895 675 910 750 'y

104 745 178 811 Non
200 746 325 813 Phoebi
347 745 432 812 vada
454 745 682 832 principesque
707 747 814 815 Baiae.

103 833 270 920 Nusquam
294 839 364 901 tam
386 835 527 900 nitidum
550 839 648 902 vacat
671 857 834 904 serenumt

103 922 171 988 Lux
195 927 266 1011 ipsa
290 929 341 990 est
363 924 411 990 ibi
433 925 576 1016 longior,
598 925 729 1012 diesque

69 1011 202 1080 rollullo
225 1013 350 1080 tardius
375 1035 395 1080 a
417 1013 490 1080 loeo
513 1013 645 1080 recedit.

104 1100 175 1168 lllie
197 1101 336 1190 Taygeti
361 1103 468 1168 virent
491 1103 625 1168 metalla

103 1188 145 1254 llt
168 1197 294 1258 certant
317 1193 408 1258 vario
432 1191 546 1257 decore
571 1213 662 1274 saxa,

104 1277 189 1353 Quae
211 1280 322 1366 Phryx
335 1285 379 1347 ‘et
401 1279 501 1366 Libys
525 1279 625 1346 altius
647 1279 773 1346 cecidit.
869 1361 873 1368 ⁹

104 1365 209 1434 Siccos
232 1369 364 1457 pinguis
389 1391 472 1455 onyx
496 1368 629 1434 anhelat
653 1372 762 1434 aestus

69 1469 94 1516 15
105 1454 147 1520 Et
170 1457 303 1524 flamma
324 1459 414 1524 tenui
438 1457 544 1524 calent
566 1457 712 1543 ophitae:

105 1544 197 1612 Ritus
221 1547 249 1612 si
271 1548 425 1633 placeant
446 1547 508 1612 tibi
531 1545 712 1631 Laconum,
810 1563 816 1572 '

105 1629 283 1700 Contentus
307 1639 401 1719 potes
425 1635 517 1702 arido
540 1647 662 1721 vapore

105 1719 209 1788 Cruda
231 1723 369 1810 Virgine
392 1723 556 1790 Marciave
580 1723 698 1811 mergi3

105 1808 190 1885 Quae
213 1816 281 1878 tam
306 1812 456 1895 eandida,
479 1816 548 1878 taur
572 1834 686 1878 serena
709 1811 810 1898 lucet,

67 1897 147 1968 aetla
168 1901 278 1967 nullas
301 1901 349 1968 ibi
372 1901 544 1987 suspiceris
568 1901 670 1966 undas

104 1985 147 2052 ut
168 1990 280 2056 credas
305 2012 442 2056 vacuam
464 1990 569 2056 nitere
592 1990 724 2074 lygdon.

94 2073 175 2150 ¹Nou
198 2078 354 2164 attendis,
378 2083 411 2144 et
435 2101 512 2144 aure
535 2099 587 2144 me
611 2079 727 2165 supina

91 2153 171 2231 *lam
195 2166 317 2232 dudum
341 2167 436 2252 quasi
457 2167 671 2254 neglegenter
694 2166 795 2234 audis.

103 2249 216 2322 lllotus
241 2255 404 2341 morieris,
428 2253 584 2342 Oppiune.

105 2471 187 2540 Dum
210 2476 273 2542 tibi
296 2476 410 2542 felices
434 2477 619 2562 indulgent,
643 2473 802 2560 Castrice,
825 2473 925 2541 Baiae

146 2562 298 2650 Canaque
323 2565 507 2652 sulphureis
531 2565 677 2652 nympha
699 2567 830 2633 natatur
853 2564 960 2652 aquis,
1003 2637 1007 2644 ,

103 2647 153 2716 lle
176 2651 375 2720 Nomentani
399 2655 594 2722 confirmant
616 2653 685 2720 otia
708 2654 793 2720 ruris

144 2740 188 2806 Et
210 2765 287 2808 casa
308 2743 476 2830 iugeribus
499 2765 567 2809 non
591 2764 729 2809 onerosa
752 2742 827 2808 suis.

82 2824 172 2896 illoc
195 2831 276 2896 mihi
299 2830 416 2896 Baiani
439 2833 525 2898 soles
549 2832 723 2916 mollisque
746 2830 918 2916 Lucrinus,

145 2915 216 2984 Hoc
240 2919 321 2985 mihi
344 2924 422 2985 sunt
444 2925 587 3005 vestrae,
611 2919 770 3004 Castrice,
794 2919 934 2986 divitiae.
1008 2967 1010 2970 -

103 3002 269 3080 Quondam
292 3009 443 3074 laudatas
467 3031 660 3095 quocunque
683 3009 808 3075 libebat
831 3008 871 3074 ad
894 3007 998 3074 undas

144 3093 280 3162 Currere
302 3119 364 3164 nec
387 3099 504 3186 longas
529 3097 738 3183 pertimuisse
762 3098 845 3180 vias,

99 3181 196 3258 ¹Nunc
220 3185 311 3252 urbis
334 3187 439 3253 vicina
462 3189 577 3254 iuvant
600 3186 776 3271 facilesque
800 3206 958 3271 recessus,

68 3282 95 3332 10
144 3273 191 3340 Et
215 3275 296 3341 satis
319 3280 384 3360 est,
407 3277 504 3363 pigro
528 3275 556 3340 si
580 3275 656 3342 lieet
680 3296 750 3342 esse
774 3274 864 3340 mihi.

506 3405 622 3474 XLIV.
711 3445 714 3450 ·
840 3430 842 3434 ·

20 3533 21 3536 π
102 3491 229 3563 Festive
254 3497 358 3564 eredis
382 3501 428 3576 te,
452 3495 652 3580 Calliodore,
675 3494 775 3562 iocari
892 3538 902 3546 Δ.

143 3585 191 3652 Et
214 3585 329 3652 solum?
344 3587 450 3652 multo
473 3585 696 3672 permaduisse
719 3583 797 3650 sale.
868 3629 870 3632 -
