2596 4032
169 206 236 276 292
497 209 536 266 n.
554 207 639 266 van.
657 205 877 264 rrrrrrmnrsw
1008 289 1010 292 .

602 369 754 438 XXXVI„

213 467 331 536 Libras
355 473 512 556 quattuor
535 473 592 536 aut
614 467 694 533 duas
718 467 823 534 amico

214 557 454 646 Algentemque
477 564 591 646 togam
614 558 811 641 brevemque
833 555 976 639 laenam,

213 645 384 714 Interdum
407 649 556 714 aureolos
580 668 678 712 manu
702 647 887 730 crepantes,

214 733 348 802 Possint
371 737 486 804 ducere
509 737 566 822 qui
588 735 668 800 duas
691 733 869 818 Kalendas,

189 822 309 900 oQuod
331 847 440 910 nemo,
462 825 526 890 nisi
548 829 599 908 tu,
622 823 774 908 Labulle,
797 823 898 888 donas
904 872 913 906 ,

87 933 94 948 ·
215 911 293 980 Non
316 935 364 1000 es,
387 915 480 980 crede
503 913 599 997 mihi,
621 913 736 980 bonus.
772 909 858 987 Quid
881 910 982 998 ergo?

139 1027 142 1034 ·
177 1058 179 1062 .
215 999 263 1068 Ut
283 1025 398 1068 verum
419 1004 549 1088 loquar,
572 1001 715 1088 optimus
739 1001 902 1084 malorum
925 1021 969 1066 es.

216 1089 352 1157 Pisones
377 1090 579 1176 Senecasque
602 1089 840 1174 Memmiosque

215 1178 261 1244 lot
284 1177 418 1265 crispos
441 1180 524 1246 mihi
545 1179 656 1262 redde,
679 1178 736 1245 sed
758 1179 898 1264 priores:

173 1265 290 1333 roFies
312 1269 463 1353 protinus
486 1270 622 1334 ultimus
644 1268 816 1334 bonorum.

215 1355 277 1421 Vis
301 1377 398 1423 cursu
420 1358 621 1444 pedibusque
645 1356 803 1443 gloriari?

216 1443 343 1532 Tigrim
365 1445 457 1512 vinco
481 1447 647 1530 levemque
670 1445 890 1512 Passerinum:

215 1532 317 1600 Nulla
340 1537 392 1600 est
414 1535 520 1621 gloria
542 1533 720 1621 praeterire
744 1532 874 1599 asellos.

597 1682 764 1750 XXXVIL
827 1679 835 1694 ‘'
885 1751 887 1755 ,

216 1779 362 1848 Nasutus
384 1780 522 1846 nimium
545 1781 636 1867 cupis
659 1781 772 1848 videri.

72 1913 81 1924 ,
212 1867 381 1940 Nasutum
404 1870 492 1957 volo,
513 1871 589 1937 nolo
611 1869 816 1956 polyposum.

493 2032 525 2046 ·-
580 2009 773 2078 xxxam.
901 2029 903 2032 ·

216 2106 313 2176 Hunc
337 2109 393 2194 qui
416 2106 565 2172 femineis
587 2113 763 2194 noctesque
787 2107 920 2193 diesque
943 2105 1109 2174 cathedris
1286 2131 1287 2176 r

261 2196 380 2262 Insidit
402 2200 476 2262 tota
498 2200 597 2262 notus
621 2197 655 2262 in
678 2198 759 2263 urbe
782 2196 894 2276 nimis,

217 2282 315 2352 Crine
336 2285 459 2370 nitens,
480 2285 574 2372 niger
596 2289 777 2372 unguento,
799 2285 983 2370 perlucidus
1007 2287 1115 2370 ostro,

262 2373 326 2440 Ore
348 2378 454 2458 tener,
476 2374 563 2440 latus
586 2379 731 2460 pectore,
755 2397 846 2440 crure
870 2373 997 2460 glaber,

191 2461 321 2529 onori
344 2463 401 2549 qui
423 2484 520 2546 saepe
542 2465 620 2528 tuae
643 2485 752 2528 comes
774 2463 944 2546 improbus
967 2461 1096 2546 haeret,

261 2551 340 2618 Non
362 2554 413 2616 est
436 2551 521 2636 quod
544 2551 674 2635 timeas,
699 2549 857 2618 Candide:
879 2573 947 2618 non
968 2550 1079 2617 futuit.

198 2753 200 2767 ζ
606 2691 758 2760 XXXIX.

82 2817 108 2876 '.
218 2786 280 2870 Odi
302 2793 350 2875 te,
374 2789 451 2876 quia
473 2789 580 2868 bellus
604 2813 652 2876 es,
676 2790 816 2859 Sabelle.

218 2875 283 2942 Res
307 2881 357 2942 est
380 2879 495 2962 putida
517 2878 623 2945 bellus
647 2884 680 2946 et
703 2879 864 2946 Sabellos.

217 2963 347 3030 Bellum
371 2967 507 3053 denique
531 2969 631 3052 malo,
655 2989 754 3054 quam
778 2968 954 3036 Sabellum.
1016 2969 1039 2994 ⁶
1129 2989 1131 2993 ·

217 3053 380 3120 Tabescas
403 3057 543 3142 utinam,
566 3055 702 3123 Sabelle
717 3058 816 3124 belle!

649 3197 708 3266 XL

356 3257 360 3279 ,
709 3251 716 3266 .

218 3275 383 3379 Mentiris,
405 3295 515 3363 credo:
537 3296 656 3364 recitas
680 3298 769 3364 mala
793 3298 952 3380 carmina,
976 3297 1088 3364 laudor

263 3381 400 3468 Cantas,
423 3390 534 3450 canto:
558 3386 659 3472 bibis,
680 3387 881 3472 Pontiliene‚
904 3386 997 3452 bibo:

218 3471 330 3556 Pedis‚
352 3472 537 3540 dissimulo:
562 3497 691 3562 gemma
713 3478 763 3543 vis
786 3477 910 3562 ludere,
933 3475 1057 3543 vincor:

263 3559 328 3625 Res
351 3582 418 3626 una
440 3567 504 3647 est,
527 3564 597 3630 sine
620 3587 672 3632 me
695 3587 794 3652 quam
816 3567 912 3649 iacis,
934 3569 969 3630 et
990 3569 1095 3633 taceo.
