2596 4034
155 216 224 284 236
489 213 628 277 MEAE.
647 211 847 270 MARTIALIS

200 377 269 446 Uni
293 379 349 466 qui
372 402 412 446 cu
436 380 508 444 iunt
531 379 660 466 placere
683 381 814 462 nuptae.

175 466 279 535 uNon
302 469 383 534 haec
407 404 581 534 dulchidos
605 465 723 530 asserit
746 466 903 550 furorem,

202 556 275 622 Diri
298 556 435 642 prandia
457 577 517 622 nec
540 555 641 620 refert
664 552 842 638 Thyestae3

203 643 361 729 Scyllam,
384 645 526 732 Byblida
548 665 607 709 uec
629 642 732 707 fuisse
756 642 872 708 credit:
959 719 960 722 Ἴ

205 731 270 798 Sed
291 737 401 799 castos
425 734 519 800 docet
542 736 576 798 et
598 731 720 816 probos
744 751 886 816 amores,

203 821 323 906 Lusus,
346 821 479 888 delicias
503 819 713 906 facetiaeque.

163 925 196 976 10
207 907 307 976 Cuius
331 912 476 976 carmina
499 909 555 996 qui
577 909 660 974 bene
684 907 881 994 aestimarit,

203 995 336 1063 Nullam
360 997 478 1064 dixerit
502 1020 572 1064 esse
595 996 798 1083 nequiorem,

204 1084 340 1152 Nullam
363 1087 481 1154 dixerit
505 1109 576 1153 esse
600 1086 805 1152 sanctiorem.

205 1173 303 1240 Tales
325 1175 468 1262 Egeriae
490 1177 580 1242 iocos
602 1175 703 1240 fuisse

205 1261 279 1330 Udo
303 1263 493 1330 crediderim
517 1263 645 1329 Numae
669 1263 729 1329 sub
754 1265 857 1328 antro.

162 1348 278 1417 ruHac
301 1351 524 1436 condiscipula
545 1353 598 1417 vel
621 1353 683 1418 hac
707 1351 866 1435 magistra

205 1439 306 1505 Esses
330 1439 456 1506 doctior
480 1445 514 1505 et
536 1441 667 1525 pudica,
691 1439 840 1526 Sappho:
974 1490 978 1497 .

138 1565 142 1572 ,
179 1588 186 1597 .
207 1525 271 1593 Sed
294 1531 402 1594 tecum
426 1531 548 1614 pariter
574 1530 735 1614 simulque
758 1528 863 1592 visam

205 1615 317 1682 Durus
340 1615 518 1702 Sulpiciam
541 1617 656 1683 Phaon
680 1620 816 1683 amaret.

92 1751 96 1759 ι
205 1703 357 1770 Frustra:
379 1727 521 1792 namque
545 1729 583 1771 ea
605 1729 665 1772 uec
687 1705 847 1771 Tonantis
871 1726 953 1770 uxor

163 1810 198 1860 au
207 1793 277 1860 Nec
298 1792 421 1860 Bacchi
443 1815 503 1860 nec
525 1795 690 1879 Apollinis
713 1794 824 1880 puella
1046 1869 1053 1882 Ι

205 1881 331 1970 Erepto
355 1883 420 1948 sibi
442 1884 566 1968 vireret
590 1881 722 1950 Caleno.
914 1895 918 1902 '

149 2132 152 2139 ¹
206 2102 364 2189 Improba
385 2103 552 2169 Massiliae
576 2103 733 2188 quidquid
755 2102 895 2168 fumaria
919 2107 1055 2190 cogunt,

251 2191 383 2278 Accipit
406 2197 548 2258 aetatem
573 2192 719 2277 quisquis
743 2192 785 2257 ab
809 2191 885 2277 igne
908 2193 1021 2276 cadus,

207 2279 238 2345 A
261 2283 309 2366 te,
331 2279 467 2367 Munna,
490 2280 592 2346 venit:
616 2281 743 2346 miseris
767 2283 804 2345 tu
827 2280 932 2346 mittis
956 2281 1069 2346 amicis
1199 2318 1202 2324 ·

251 2367 436 2453 Per'freta,
458 2391 518 2454 per
539 2371 657 2455 longas
680 2371 790 2437 toxica
813 2390 910 2435 saeva
932 2369 1016 2453 uias3

181 2455 279 2524 cNec
301 2456 391 2522 facili
413 2459 535 2543 pretio,
558 2459 614 2522 sed
637 2479 701 2544 quo
726 2462 880 2524 contenta
902 2456 1035 2522 Falerni

253 2544 353 2611 Testa
376 2547 420 2612 sit
444 2550 501 2612 aut
525 2547 615 2612 cellis
639 2545 729 2612 Set-ia
752 2568 828 2612 cara
851 2549 929 2612 suis.
1149 2609 1150 2614 ,

65 2712 71 2724 1
207 2631 284 2700 Non
306 2635 418 2700 venias
442 2657 543 2721 quare
566 2638 635 2698 tam
658 2635 759 2720 longo
783 2639 932 2720 tempore
955 2635 1107 2720 Romam,

123 2733 126 2738 '
252 2721 343 2788 Haec
367 2728 447 2809 putu
472 2745 571 2790 causa
593 2723 655 2788 tibi
679 2729 743 2807 cst,
766 2745 806 2789 ne
830 2728 888 2788 tua
909 2723 987 2790 vina
1009 2725 1113 2790 bibas.

593 2855 761 2922 XXXVII.

209 2945 296 3012 Iuris
320 2949 353 3010 et
377 2967 555 3030 aequarum
580 2945 686 3011 cultor
710 2945 917 3011 sanctissime
941 2946 1065 3032 legum,

253 3032 406 3100 Veridico
429 3033 560 3098 Latium
585 3034 640 3118 qui
663 3034 750 3119 regis
775 3056 830 3100 ore
852 3035 975 3114 forum,

208 3121 379 3209 Municipi,
401 3121 564 3206 Materne,
588 3127 645 3188 tuo
670 3123 837 3209 veterique
861 3122 965 3189 sodali

253 3211 433 3278 Callaicum
457 3212 594 3276 mandas
618 3212 726 3297 siquid
749 3213 790 3277 ad
814 3211 980 3278 Oceanum
1001 3250 1051 3283 τ.

182 3300 262 3366 cAn
285 3299 487 3366 Laurentino
512 3305 624 3386 turpes
648 3302 683 3366 in
706 3301 804 3366 litore
827 3322 925 3367 ranas

254 3389 301 3454 Et
324 3389 427 3454 satius
451 3395 565 3454 tenues
590 3389 705 3455 ducere
729 3389 833 3455 credis
858 3411 949 3474 aeos,

209 3475 262 3540 Ad
286 3496 345 3541 sua
368 3478 537 3559 captivum
560 3501 657 3563 quam
681 3501 761 3544 saxa
784 3479 952 3544 remittere
977 3480 1127 3565 mullum,
1191 3507 1208 3522 ··

255 3563 354 3628 Visus
378 3567 441 3629 erit
464 3565 559 3632 libris
584 3567 640 3653 qui
664 3569 772 3633 minor
795 3589 865 3633 csse
888 3567 1018 3634 tribus?
