2596 4032
383 229 683 287 EPIGRAIIIIA'I'ON
703 229 771 286 ΜΒ.
791 229 851 286 llll.
1061 229 1126 296 293

120 392 206 460 5Nil
225 397 337 459 tamen
355 393 487 459 omnino
507 399 657 480 praestas
677 392 766 459 mihi.
789 392 991 480 „Mortuus,“
1004 392 1126 481 inquis,
1175 399 1182 416 ‘

193 483 382 570 „Accipiam
405 483 488 549 bene
512 485 573 549 te.“
610 483 667 549 Nil
690 484 781 550 volo:
805 484 861 550 sed
884 505 1021 550 morere.

575 642 660 709 XLI.

150 748 228 816 Non
251 753 315 833 est,
338 749 459 835 Tucca,
481 750 578 835 satis,
602 749 688 836 quod
711 772 746 817 es
769 749 918 838 gulosus:

149 839 197 904 Et
220 837 285 906 clici
308 840 401 926 cupis
425 844 459 905 et
482 840 573 926 cupis
596 839 708 906 videri.

568 997 671 1066 XLII

7 1185 11 1192 .
149 1103 315 1170 Barbatus
339 1105 446 1193 rigido
470 1107 583 1192 nupsit
605 1104 816 1174 Callistratus
838 1103 936 1189 Afro,

196 1193 268 1261 Hac
291 1217 356 1280 qua
380 1197 453 1282 lege
476 1196 548 1262 viro
572 1196 696 1261 nubere
718 1194 812 1280 virgo
836 1195 931 1261 solet.

150 1281 346 1350 Praeluxere
370 1285 472 1370 faces,
494 1285 647 1350 velarunt
670 1283 822 1350 flammea
843 1285 968 1372 vultus,

197 1372 266 1440 Nee
288 1379 346 1438 tua
370 1373 545 1440 defuerunt
567 1373 681 1457 verba,
705 1371 853 1457 Talasse,
875 1373 947 1440 tibi.

121 1461 223 1529 sDos
246 1463 345 1528 etiam
368 1464 457 1530 dicta
481 1466 540 1528 est.
581 1461 735 1529 Nondum
759 1463 836 1548 tibi,
859 1461 977 1547 Roma,
1002 1459 1128 1544 videtur

198 1549 270 1619 Hoc
294 1551 398 1618 satis?
421 1556 573 1637 expectas
596 1551 754 1638 numquid
778 1557 816 1618 ut
839 1557 872 1618 et
894 1553 1026 1638 pariat?

560 1708 679 1778 XLIII.
705 1729 731 1764 a·

153 1817 324 1884 Facundos
348 1817 429 1884 mihi
452 1818 491 1884 de
513 1815 700 1884 libidinosis

59 1967 60 1970 ,
133 1907 281 1994 Legisti
303 1907 456 1993 nimium,
479 1905 622 1992 Sabelle,
645 1928 772 1992 uersus,
817 1971 819 1976 ,

154 1997 274 2074 Quales
297 2017 357 2062 nec
380 1996 541 2080 Didymae
565 1995 673 2062 sciunt
695 1995 825 2084 puellae

152 2084 223 2151 Nec
245 2085 364 2151 molles
387 2083 627 2170 Elephantidos
651 2084 766 2150 libelli.

123 2175 239 2242 odunt
262 2173 331 2239 illic
354 2172 493 2238 Veneris
515 2195 619 2239 nouae
642 2174 782 2259 figurae,

154 2263 276 2340 Quales
300 2261 448 2348 perditus
472 2261 590 2328 audeat
612 2261 751 2348 fututor,

154 2354 330 2431 Praestent
353 2355 387 2416 et
408 2355 539 2416 taceant
563 2349 641 2437 quid
664 2350 796 2435 exoleti,

155 2441 227 2518 Quo
251 2440 491 2526 symplegmate
515 2439 656 2526 quinque
680 2440 887 2524 copulentur,

155 2529 227 2606 Qua
249 2530 361 2616 plures
385 2532 561 2596 teneantur
584 2551 604 2594 a
627 2532 755 2613 catena,

106 2619 349 2702 roExtinctam
372 2618 473 2684 liceat
496 2617 574 2703 quid
598 2616 639 2682 ad
661 2617 837 2684 lucernam.

154 2707 253 2774 Tanti
275 2729 345 2775 non
366 2712 451 2794 erat,
473 2728 545 2774 esse
568 2710 601 2772 te
625 2706 791 2772 disertum.

566 2863 683 2932 XLIV.

154 2969 273 3056 Unice,
296 2975 438 3059 cognato
462 2973 609 3038 iunctum
631 2971 714 3036 mihi
738 2972 897 3060 sangnine
919 2995 1053 3054 nomen,

201 3059 264 3137 Qui
288 3065 374 3147 geris
398 3067 433 3128 et·
456 3062 566 3128 studio
590 3061 689 3128 corda
712 3064 898 3148 propinqua
921 3084 1008 3148 meo;

156 3147 311 3216 Carmina
333 3173 407 3218 cum
430 3152 532 3218 facias
557 3151 618 3217 soli
642 3150 790 3217 cedentia
811 3150 922 3231 fratri,
1055 3172 1057 3176 ’

201 3238 336 3306 Pectore
359 3261 425 3306 non
450 3243 557 3307 minor
581 3263 629 3321 es,
653 3239 709 3306 sed
732 3239 854 3325 pietate
879 3239 977 3325 prior.

128 3327 279 3394 oLesbia
301 3351 375 3395 curn
398 3329 508 3415 lepido
532 3335 565 3395 te
589 3333 702 3416 posset
725 3350 834 3393 amare
858 3326 1004 3414 Catullo,

200 3417 247 3484 'Pe
271 3423 348 3503 post
371 3417 536 3484 Nasonem
560 3419 681 3485 blanda
704 3415 849 3484 Corinna
872 3417 972 3504 sequi.
1098 3441 1101 3445 ·

116 3555 117 3558 ,
155 3503 226 3572 Nec
249 3507 385 3573 deerant
408 3507 554 3593 zephyri,
578 3509 607 3574 si
630 3513 664 3575 te
688 3507 765 3572 darc
789 3507 864 3572 vela
885 3507 1024 3592 iuvaret3

202 3593 266 3662 Sed
289 3600 327 3662 tu
350 3598 430 3663 litus
454 3619 555 3663 amas.
592 3597 664 3664 Hoc
687 3617 817 3682 quoque
840 3595 953 3662 fratris
976 3592 1089 3662 habes.
1174 3622 1180 3633 ·
