2610 4048
168 217 214 284 50
348 265 353 276 .
498 215 538 273 M.
555 213 640 272 VAL.
658 212 859 308 marmus

163 400 164 404 ¹
213 377 260 445 'l'a
282 377 539 447 Lacedaemonio
562 378 651 444 velat
673 382 754 467 toga
775 379 845 446 lota
867 375 1008 444 Galaeso

258 465 322 534 Vel
344 490 443 555 quam
465 467 611 552 seposito
635 467 675 532 de
698 489 798 556 grege
820 465 943 532 Parma
965 467 1066 533 dedit:
1155 525 1156 528 ,

188 555 262 623 bAt
285 579 351 641 me,
373 578 456 642 quae
478 577 578 641 passa
602 559 653 620 est
676 555 777 622 furias
801 560 836 622 et
858 576 979 622 cornua
1001 557 1106 642 tauri,

259 643 411 712 Noluerit
434 643 497 712 dici
520 666 617 730 quam
641 643 710 730 pila
731 643 839 730 prima
861 667 964 710 suam.

214 734 307 802 Misit
328 733 519 822 Agenoreas
545 729 659 798 Cadmi
681 732 744 798 tibi
765 738 855 798 terra
877 733 1037 798 lacernas:
1083 747 1084 750 ’
1179 779 1191 796 .

260 821 338 888 Νοιι
358 821 478 889 vendes
500 821 644 886 nummis
667 821 798 888 coccina
819 825 934 888 nostra
955 821 1070 888 tribus.
1094 821 1096 824 ’

173 968 175 972 ,
215 911 266 978 Tu
288 911 427 994 Libycos
449 910 538 975 Indis
563 910 732 996 suspendis
756 911 908 978 dentibus
931 911 1041 976 orbes:

174 1014 208 1064 ιο
261 999 410 1066 Fulcitur
432 1003 520 1066 testa
542 997 657 1087 fagina
679 1021 792 1064 mensa
814 999 905 1065 mihi

215 1085 387 1154 Immodioi
409 1088 472 1154 tibi
494 1087 579 1154 flava
601 1091 719 1174 tegunt
742 1087 956 1174 chrysendeta
978 1087 1090 1153 mulli:

261 1174 421 1244 Concolor
443 1177 479 1242 in
501 1181 629 1262 nostra,
653 1199 827 1261 cammare,
849 1177 945 1244 lance
967 1176 1073 1242 rubes.

218 1262 305 1331 Grex
326 1270 403 1331 tuus
425 1263 528 1332 Iliaco
551 1269 682 1350 poterat
704 1270 830 1331 certare
853 1265 1001 1332 cinaedo:

262 1352 309 1418 At
331 1352 413 1420 mihi
435 1353 594 1420 succurrit
615 1375 675 1439 pro
699 1352 886 1439 Ganymede
909 1375 1033 1420 manus.

165 1457 208 1507 ¹115
216 1440 270 1508 Ex
292 1442 409 1528 opibus
431 1442 532 1508 tantis
555 1443 659 1508 veteri
680 1442 809 1527 fidoque
832 1441 938 1508 sodali
1027 1489 1028 1492 ,

261 1527 331 1596 Das
352 1530 436 1596 nihil
459 1535 493 1597 et
515 1530 609 1616 dicis,
632 1529 789 1616 Candide,
811 1531 909 1597 κοινὰ
932 1527 1065 1616 citou?
1137 1611 1138 1614 Ἴ

620 1671 737 1738 xmv.

216 1777 295 1844 bimi
318 1799 374 1842 seu
396 1799 532 1864 puerum
555 1781 710 1863 togamve
732 1801 848 1864 pexam

219 1865 284 1938 Seu
306 1869 387 1950 tres,
409 1870 447 1931 ut
469 1871 563 1952 puta,
586 1870 780 1952 quattuorve
803 1867 917 1954 libres,

220 1953 338 2022 Sextus
361 1956 511 2039 protinus
534 1955 591 2020 ille
614 1955 792 2038 fenerator,
868 1989 873 1996 ·
909 2039 912 2044 Ι

219 2041 321 2119 Quem
343 2041 449 2108 nostis
472 2041 615 2108 veterem
639 2065 746 2109 meum
770 2043 929 2129 sodalem,

192 2131 270 2199 oNe
293 2131 371 2216 quid
393 2131 479 2196 forte
502 2137 612 2217 petam
636 2132 732 2197 timet
755 2136 925 2217 cavetque,

217 2220 265 2288 Et
287 2241 409 2303 secum,
422 2219 490 2286 sed
511 2225 549 2284 ut
572 2220 715 2306 audiam,
737 2225 898 2286 susurrat:

217 2307 371 2394 „Septem
394 2307 487 2373 milia
511 2309 612 2373 debeo
636 2307 799 2388 Secundo,

218 2397 351 2463 Phoebo
375 2400 544 2482 quattuor,
567 2396 714 2462 undecim
738 2395 882 2481 Phileto,
1056 2473 1057 2476 Ἴ

219 2485 265 2552 Et
288 2484 452 2571 quadrans
476 2485 558 2550 mihi
579 2485 691 2551 nullus
705 2490 766 2552 est
788 2486 823 2550 in
846 2484 949 2550 arca“

176 2573 248 2641 100
273 2573 397 2661 grande
419 2573 452 2638 in
479 2573 587 2638 enium
611 2575 675 2640 mei
699 2574 833 2640 sodalis!
1040 2577 1041 2580 ’

219 2661 344 2728 Durum
369 2665 432 2745 est,
455 2594 565 2745 dexte,
587 2683 721 2751 negare,
744 2685 816 2728 cum
839 2661 980 2748 rogaris,
1065 2675 1066 2678 ’

223 2750 353 2829 Quanto
378 2749 504 2836 durius,
527 2755 703 2837 antequam
726 2750 866 2838 rogeris!

633 2882 732 2950 XLV.

221 2979 310 3058 Quae
333 2979 396 3046 tibi
417 3003 484 3046 non
508 2977 621 3047 stabat
643 2974 788 3067 praecisa
812 2983 871 3047 est*
885 2973 1043 3066 mentula,
1061 2977 1195 3066 Glypte.
1293 3047 1294 3052 ,

264 3069 420 3156 Demens,
444 3091 517 3136 oum
540 3070 628 3136 ferro
652 3069 730 3155 quid
753 3069 837 3135 tibi?
874 3068 989 3136 Gallus
1013 3090 1094 3135 erae.

220 3299 355 3366 Florida
377 3322 436 3387 per
459 3301 568 3367 varios
591 3301 629 3365 ut
652 3299 800 3386 pingitur
822 3299 932 3384 Hybla
955 3299 1094 3384 colores,
1201 3315 1202 3319 ’

266 3387 348 3455 Cum
371 3391 469 3456 breve
493 3388 643 3456 Sicaniae
666 3411 722 3454 ver
744 3389 943 3474 populantur
967 3409 1059 3473 apes,

225 3476 279 3544 Sic
303 3481 361 3544 tua
384 3479 563 3564 subpositis
587 3478 760 3544 conlucent
782 3477 874 3562 prela
897 3475 1050 3559 lacernis,

268 3564 322 3631 Sic
344 3566 444 3633 micat
467 3568 646 3633 innumeris
670 3567 781 3632 arcula
805 3565 1034 3650 synthesibus‚
