2528 4038
336 229 637 290 armannnmrou
653 229 721 289 um.
740 229 789 290 111.
1032 232 1074 299 81

16 359 18 390 ³
110 397 219 464 Pectus
243 396 386 482 cicadae,
410 417 483 462 crus
506 397 660 483 colorque
683 394 855 482 formicam
918 384 920 390 ¹

110 487 319 573 Rugosiorem
342 507 416 552 cum
440 507 535 572 geras
559 487 647 553 stola
669 485 812 552 frontem
900 524 903 530 ,

88 575 150 640 ulit
172 596 363 641 araneorum
387 575 534 640 cassibus
558 596 654 664 pares
677 595 852 660 mammam

15 699 16 702 ¹
111 663 185 730 Cum
208 666 399 748 comparata
421 663 558 730 rictibus
581 663 646 730 tuis
669 685 727 730 ora

111 751 249 820 Niliacus
272 752 395 818 habeat
418 753 600 820 corcodilus
624 755 778 840 angusta,

15 859 16 872 ¹
110 840 284 926 Meliusque
306 863 407 908 ranae
431 843 580 928 garriant
603 841 826 926 Ravennates,

14 903 16 998 i
110 929 149 994 Et
170 930 329 996 Atrianus
353 929 479 996 dulcius
504 931 591 997 culix
613 933 737 1016 cantet,

14 1001 19 1150 ῐ
76 1017 287 1104 roVidcasque
311 1022 470 1105 quantum
492 1025 631 1086 noctuae
653 1019 764 1085 vident
787 1039 896 1104 mana,

109 1106 148 1171 Et
169 1108 250 1174 illud
274 1108 364 1174 olcas
389 1107 475 1194 quod
498 1108 561 1174 viri
585 1109 797 1194 capellarum,

13 1155 15 1298 i
109 1194 148 1260 Et
169 1196 276 1262 anatis
299 1195 423 1262 habeas
447 1197 682 1284 orthopygium
705 1216 848 1278 macrae,

13 1299 14 1364 ζ
109 1281 283 1370 Senemque
306 1284 464 1371 Cynicum
487 1287 598 1353 vincat
620 1307 733 1352 osseus
756 1304 894 1370 cunnus3

12 1424 14 1448 ,
110 1369 184 1438 Cum
207 1378 242 1439 te
266 1373 400 1440 lucerna
423 1374 597 1440 balneator
619 1374 763 1441 extincta

12 1449 14 1528 l
73 1475 100 1522 15
109 1460 271 1528 Admittat
293 1464 379 1528 inter
401 1459 589 1530 bustuarias
613 1463 780 1546 mcechaa3

12 1549 13 1558 ’
109 1548 183 1615 Cum
207 1552 326 1617 bruma
349 1573 493 1617 mensem
517 1552 561 1617 sit
582 1551 645 1617 tibi
668 1573 726 1637 per
749 1552 936 1639 Augustum

108 1636 263 1726 Regelare
286 1661 347 1706 nec
369 1643 403 1704 te
426 1639 629 1726 pestilentior
652 1640 771 1725 possit:

107 1724 212 1793 Audes
238 1728 394 1793 ducentas
417 1729 572 1813 nuptuire
595 1733 671 1814 post
694 1731 818 1795 mortes

11 1825 12 1852 l
108 1812 283 1900 Virumque
306 1815 438 1882 demens
461 1817 624 1883 cineribus
647 1818 713 1882 tuis
737 1817 865 1902 quaeris

38 1902 42 1911 '
70 1900 243 1970 ruPrurire.
280 1902 378 1990 Quid,
401 1905 502 1971 sarire
526 1907 597 1992 quis
621 1906 701 1970 velit
725 1905 861 1972 saxum?

10 1959 13 2122 μ
108 1989 182 2066 Quis
206 1992 378 2079 coniugem
400 1997 449 2080 te,
472 1995 544 2080 quis
568 1994 699 2060 vocabit
721 2015 870 2078 uxorem,

10 2137 11 2152 ,
106 2077 303 2146 Philomelus
327 2081 434 2147 aviam
458 2103 556 2166 quam
579 2087 754 2149 vocaverat
776 2081 901 2169 nuper?

10 2161 12 2176 ¹
107 2166 196 2242 Quod
220 2171 249 2234 si
273 2170 410 2236 cadaver
434 2171 537 2258 exigis
561 2174 653 2236 tuum
677 2171 795 2256 scalpi,

10 2277 11 2280 ¹
107 2253 277 2323 Sternatur
300 2281 320 2325 a
343 2257 460 2326 Coride
484 2259 692 2326 archiclinico
716 2259 834 2346 lectus,

68 2357 98 2408 25
108 2343 330 2412 Talassionem
354 2349 410 2433 qui
434 2353 528 2414 tuum
551 2348 643 2414 decet
665 2348 768 2432 solua,

106 2431 270 2522 Ustorque
292 2435 405 2503 taedas
428 2436 594 2522 praeferat
615 2457 719 2503 novae
741 2440 877 2523 nuptae:

107 2520 233 2590 Intrare
255 2525 291 2590 in
313 2525 414 2592 istum
437 2525 510 2592 sola
532 2525 588 2592 fax
610 2528 721 2611 potest
743 2545 893 2592 cunnum.

509 2682 626 2753 XOIV.
749 2737 751 2742 .

102 2787 185 2858 ‘Esse
207 2812 310 2878 negas
333 2794 462 2858 coctum
485 2791 629 2876 leporem
651 2791 823 2877 poscisque
845 2792 989 2880 flagella

148 2878 270 2966 Maris,
293 2877 392 2982 ¹Rufe,
415 2901 528 2946 cocum
552 2879 711 2974 scindere,
734 2903 832 2980 quam
855 2882 1009 2968 leporem.

518 3036 618 3106 XOV.

107 3142 280 3233 Nunquam
304 3146 384 3216 dicia
407 3146 505 3232 have,
528 3145 583 3212 aad
607 3145 728 3230 reddis,
750 3145 911 3232 Naevole,
934 3169 1077 3234 semper,

150 3234 243 3311 Quod
265 3235 355 3323 prior
378 3239 412 3302 et
435 3258 552 3303 corvus
576 3234 681 3302 dicere
704 3257 801 3320 saepe
825 3235 917 3303 solet

108 3318 170 3388 Cur
192 3323 255 3391 hoc
279 3329 431 3411 expectas
456 3347 476 3391 a
498 3347 563 3411 me,
587 3345 682 3409 rugo,
701 3323 859 3411 Naevole,
883 3325 986 3392 dicas:

149 3410 235 3478 Nam
258 3417 339 3500 puto
362 3436 422 3480 nec
445 3415 574 3498 melior,
597 3413 757 3495 Naevole,
779 3434 838 3479 nee
861 3414 1018 3500 priores.

84 3497 252 3567 5Praemia
275 3502 409 3569 laudato
433 3503 554 3570 tribuit
573 3503 654 3568 mihi
676 3499 796 3567 Caesar
819 3506 956 3589 uterque
1066 3545 1068 3548 -

149 3587 374 3678 Natorumque
398 3590 488 3658 dedit
510 3593 583 3658 iura
605 3593 743 3678 paterna
765 3590 875 3657 trium

114 3702 194 3749 lina.
850 3735 852 3738 -
898 3699 925 3751 d
1024 3705 1025 3708 ’
1072 3705 1077 3718 '
