2528 4038
361 221 660 279 nrluunnnsrorl
679 220 748 281 LIB.
766 221 802 279 V.
1029 225 1091 291 10⁷

1 401 2 404 ’
76 381 223 467 5„Sors
241 405 308 450 mea
327 405 427 472 quam
440 383 554 451 fratris
569 385 692 472 melior,
707 385 759 453 cui
774 391 842 452 tam
856 407 959 474 prope
973 385 1024 454 fis
1042 393 1092 455 est

159 470 316 560 Cernere,
338 479 406 540 tam
432 474 530 562 longe
555 497 652 561 quem
675 476 755 542 colit
778 475 835 541 ille
859 475 983 541 deuna“

555 606 614 674 1v.

108 703 256 770 Foetcre
279 705 383 774 multo
405 703 548 790 Myrtale
571 705 656 772 solet
678 705 768 791 vino,
819 693 825 702 ⁸
927 691 932 737 ¹

111 792 190 858 Sed
211 793 303 860 fallat
325 797 364 859 ut
386 815 461 878 nos,
483 795 563 861 folia
586 795 721 862 devorat
743 793 827 860 lauri

1 921 2 930 κ
111 881 311 968 Merumque
335 886 432 948 caute
454 881 582 967 fronde,
604 905 671 950 non
693 905 778 968 aqna
801 881 926 950 miscet

113 971 218 1036 Hanc
238 975 274 1036 tu
297 971 468 1038 rubentem
490 971 750 1058 prominentibus
773 971 863 1038 venis

1 1089 2 1100 ¹
85 1058 277 1135 5Quotiene
301 1061 425 1140 venire,
448 1059 563 1144 Paule,
586 1059 704 1126 videris
727 1064 856 1146 contre,

114 1147 221 1214 Dicas
243 1148 358 1215 licebit
379 1147 540 1244 „Myrtale
563 1149 649 1216 bibit
671 1147 831 1216 laurum.“

566 1288 607 1358 V.

13 1389 18 1396 '
116 1386 232 1474 Sexte,
254 1387 426 1456 Palatinae
449 1388 558 1454 cultor
580 1386 716 1454 facunde
738 1385 920 1472 Minervae,

167 1476 303 1564 Ingenio
326 1476 443 1542 frueris
468 1477 524 1562 qui
547 1475 698 1563 propiore
722 1475 774 1541 dei
793 1511 836 1524 -

117 1565 208 1632 Nam
231 1567 295 1632 tibi
317 1568 487 1631 nascentes
511 1564 635 1630 domini
658 1585 854 1651 cognoscere
876 1585 971 1631 curus

166 1655 210 1722 nt
235 1658 361 1722 secreta
384 1652 473 1720 ducis
496 1657 632 1738 pectora
653 1673 749 1718 nosse
772 1651 851 1718 licet
869 1675 927 1717 -ε

92 1741 173 1810 asia
196 1745 288 1810 locus
312 1747 345 1808 et
367 1743 489 1808 nostris
513 1741 623 1828 aliqua
644 1741 708 1806 tibi
730 1745 825 1824 parte
848 1739 985 1823 libellis,

167 1830 238 1908 Qua
261 1830 364 1914 Pedo,
387 1853 451 1916 qua
473 1829 603 1896 Marsus
627 1851 753 1916 quaque
777 1828 926 1896 Catullus
951 1827 1022 1894 erit.

119 1889 176 1985 ld
200 1919 382 2006 Capitolini
405 1919 560 1986 caelestia
582 1919 728 1995 carmina
750 1917 830 1983 belli

166 2007 298 2075 Grande
321 2008 510 2075 cothurnati
533 2029 617 2092 pone
640 2005 787 2072 Maronis
810 2027 901 2092 opus.

93 2121 98 2158 l

559 2146 667 2214 VL-

10 2265 11 2298 ³
119 2247 159 2314 si
181 2269 247 2314 non
270 2251 323 2312 est
345 2267 445 2331 grave
468 2268 527 2314 nec
549 2244 648 2311 nimis
673 2244 858 2330 molestum,

117 2335 250 2421 Musae,
273 2335 485 2402 Parthenium
507 2339 623 2422 rogate
645 2337 805 2399 vestrum:

120 2425 179 2491 Sic
200 2429 234 2490 te
258 2425 361 2490 serior
384 2429 418 2490 et
440 2425 538 2490 beata
561 2421 725 2509 quondam

121 2513 224 2580 Salvo
248 2512 387 2580 Caesare
409 2513 503 2578 finiat
525 2516 674 2577 senectus

93 2603 176 2668 5Et'
195 2602 239 2667 sis
261 2599 387 2668 invidia
408 2600 538 2667 favente
560 2599 654 2685 felix,

122 2689 178 2756 Sic
188 2689 325 2756 :Burrus
349 2691 414 2755 cito
438 2690 559 2754 sentiat
582 2691 764 2773 parentem:

123 2779 292 2844 Admittas
315 2778 464 2861 timidam
488 2776 681 2862 brevemque
705 2775 852 2841 chartam

121 2867 216 2933 Intra
238 2867 354 2932 limina
377 2866 549 2932 sanctioris
573 2866 676 2930 culae.

124 2956 223 3022 Nosti
245 2960 395 3040 tempora
417 2958 455 3020 tu
477 2953 565 3021 Iovis
589 2951 707 3036 sereni,

17 3067 19 3070 ·
79 3065 114 3114 10
126 3043 207 3111 Cum
229 3044 338 3130 fulget
359 3042 488 3130 placido
512 3064 634 3127 suoque
656 3041 763 3126 vultu,

126 3133 196 3212 Quo
219 3133 268 3198 nil
292 3132 492 3218 supplicibus
517 3131 600 3196 solet
622 3149 752 3216 negare.

125 3223 201 3290 Non
223 3226 274 3288 est
298 3221 386 3306 quod
408 3225 534 3287 metuas
557 3241 668 3306 preces
691 3218 836 3304 iniquas:

0 3303 2 3394 l
126 3311 304 3398 Nunquam
327 3309 464 3397 grandia
486 3331 545 3375 nec
568 3309 708 3374 molesta
730 3307 836 3392 poscit

126 3402 215 3479 Quae
238 3399 333 3466 cedro
357 3397 510 3464 decorata
531 3417 738 3484 purpuraque
849 3412 863 3466 J

86 3511 116 3559 re
127 3489 243 3577 Nigris
265 3487 388 3575 pagina
410 3490 513 3554 crevit
538 3486 708 3572 umbilicis.

125 3578 194 3647 Nec
216 3577 399 3665 porrexeris
422 3577 500 3661 ista,
523 3575 579 3642 sed
601 3579 712 3642 teneto
832 3627 834 3631 .
888 3594 926 3618 -’
