2596 4034
170 201 253 268 218*
499 201 537 294 11.
556 199 637 258 111.
655 199 857 256 uterinus
888 283 889 287 Ν

564 415 565 418 ,
613 364 742 432 LXXII.

168 491 171 497 ’
214 471 325 556 Liber,
346 471 526 556 Amyclaea
548 471 688 538 frontem
714 471 832 537 vittate
855 493 989 556 corona,
1102 543 1103 546 Ἴ

258 560 321 638 Qui
344 563 452 646 quatis
476 561 623 628 Ausonia
645 561 782 627 verbera
805 559 904 626 Graia
927 582 1038 644 manu,

214 649 313 717 Clusa
336 650 418 714 mihi
441 653 532 716 texto
556 673 628 716 cum
651 649 788 736 prandia
810 649 931 714 vimine
955 649 1081 730 mittas,

258 735 325 804 Gur
348 739 506 804 comitata
529 740 627 824 dapes
650 739 741 804 nulla
764 739 885 824 lagona
908 737 1019 804 venit?

189 826 318 914 oAtqui
342 827 442 912 digna
464 831 522 893 tuo
547 829 574 892 si
597 829 728 894 nomine
751 849 886 894 munera
907 826 1026 904 ferres,

259 913 344 1002 Scis,
366 919 463 1001 puto,
486 915 655 982 debuerint
678 937 760 1002 quae
784 916 865 982 milri
889 915 974 982 dona
997 915 1077 980 dari.

603 1057 751 1124 nxxnr.
860 1034 863 1037 ’

214 1162 376 1230 Dentibus
401 1163 552 1250 antiquas
576 1165 693 1232 solitus
716 1163 892 1251 producere
915 1163 1018 1250 pelles

258 1251 304 1318 Et
327 1253 475 1319 mordere
498 1253 569 1319 luto
592 1258 687 1340 putre
710 1257 878 1339 vetusque¹
892 1254 1012 1338 solum,

213 1340 428 1408 Praenestina
451 1347 542 1408 tenes
566 1341 710 1408 defuncti
729 1365 805 1408 rura
829 1342 972 1427 patroni,

260 1429 300 1496 ln
323 1431 441 1515 quibus
464 1431 617 1517 indignor
640 1432 669 1497 si
691 1431 754 1497 tibi
777 1432 859 1498 cella
881 1431 958 1514 fuit3

183 1533 205 1582 o
216 1517 354 1604 Rumpis
379 1525 411 1585 et
434 1517 560 1585 ardenti
583 1519 730 1586 madidus
754 1521 910 1606 crystalla
933 1517 1085 1604 Falerno,

259 1605 306 1673 Et
328 1609 436 1693 pruris
460 1607 582 1674 domini
605 1631 677 1676 cum
697 1608 883 1695 Ganymede
906 1607 965 1673 tui.

89 1700 91 1704 ’
215 1695 261 1760 At
285 1717 335 1762 me
359 1697 520 1762 litterulas
544 1699 636 1764 stulti
659 1697 795 1764 docuere
818 1699 984 1784 parentes:

192 1855 193 1858 Ἴ
260 1782 344 1860 Quid
367 1807 440 1850 cum
464 1788 686 1872 grammaticis
710 1787 962 1871 rhetoribusque
984 1785 1087 1851 mihi?

215 1869 345 1960 Frange
367 1874 454 1940 leves
478 1876 621 1942 calamos
645 1880 677 1941 et
700 1875 821 1959 scinde,
846 1875 977 1960 Thalia,
1000 1875 1145 1961 libellos,

174 1978 206 2028 ro
261 1959 296 2027 Si
320 1961 396 2028 dare
419 1964 523 2030 sutori
547 1965 672 2030 calceus
695 1964 761 2030 ista
783 1969 902 2050 potest.

600 2121 750 2192 LXXIV.

215 2226 370 2314 Effigiem
393 2231 521 2294 tantum
545 2230 637 2314 pueri
660 2231 787 2315 pictura
811 2228 949 2298 Camoni

261 2314 390 2401 Servat,
414 2321 447 2382 et
469 2317 603 2382 infantis
626 2341 728 2402 parva
751 2319 857 2406 figura
880 2325 1001 2386 manet.

215 2403 385 2471 Florentes
407 2406 499 2470 nulla
523 2405 668 2493 signarit
690 2408 834 2495 imagine
856 2410 990 2494 vultus„

259 2493 347 2560 Dum
370 2493 465 2560 timet
488 2517 546 2560 ora
567 2496 641 2580 pius
664 2500 755 2562 muta
778 2497 886 2564 videre
909 2503 1012 2584 pater.

614 2653 743 2720 LXXV.

215 2757 291 2826 Non
315 2759 405 2826 silice
428 2760 509 2827 duro
533 2762 714 2828 structilive
737 2767 924 2850 caemento,

216 2847 285 2920 Nec
309 2849 410 2914 latere
434 2852 539 2934 cocto,
564 2872 627 2933 quo
651 2848 841 2918 Semiramis
865 2854 999 2940 longam

215 2937 385 3023 Babylona
409 2938 522 3030 cinrit,
545 2937 651 3006 Tucca
673 2940 825 3006 balneum
848 2940 939 3008 feeit:

218 3025 283 3092 Sed
305 3030 417 3113 strage
439 3049 607 3092 nemorum
631 3029 789 3116 pineaque
813 3053 984 3120 compage,
1069 3075 1070 3078 =

189 3114 263 3182 oUt
285 3116 438 3200 navigare
462 3115 568 3182 Tucca
590 3116 709 3184 balneo
732 3119 844 3204 possit.

210 3203 304 3270 {dem
328 3204 443 3270 beatas
466 3205 573 3270 lautus
598 3207 719 3272 extruit
741 3207 886 3274 thermas

215 3291 266 3358 De
290 3315 451 3358 marmore
475 3295 577 3378 omni,
602 3295 687 3379 quod
712 3293 868 3380 Carystos
892 3298 1029 3383 inuenit,

218 3379 311 3456 Quod
334 3379 478 3467 Phrygia
501 3381 641 3468 Synnas,
664 3383 745 3448 Afra
770 3386 856 3470 quod
879 3385 1003 3452 Nomas
1027 3388 1132 3473 misit,

217 3467 262 3530 Et
286 3468 370 3551 quod
394 3471 513 3534 uirenti
537 3472 625 3536 fonte
649 3473 730 3538 lavit
753 3472 905 3540 Eurotae.
1108 3471 1112 3477 ’

176 3569 207 3617 ro
218 3553 279 3618 Sed
302 3556 394 3640 ligna
417 3557 547 3624 desunt:
570 3560 679 3628 subice
702 3562 855 3628 balneum
879 3563 1024 3632 thermis.
1079 3619 1083 3649 3
