2596 4032
172 211 240 288 268
500 212 539 272 n.
557 211 640 270 van.
659 203 863 268 unanima
906 229 913 236 ·
1048 279 1050 282 ¹

83 405 84 408 ¹
217 371 283 442 Cur
304 397 365 444 neo
387 375 545 462 Pompeia
567 376 677 442 lentus
702 375 866 459 spatiatur
887 371 922 438 in
945 371 1075 458 umbra,

261 463 331 531 Neo
353 465 439 551 petit
462 464 634 532 Inachidos
657 462 793 528 limina?
830 461 881 528 Ne
904 459 1023 528 futuat.

183 549 283 619 'uOnr
307 552 563 620 Lacedaemonio
587 553 711 616 luteum
736 554 898 618 ceromate
921 571 1038 636 eorpus

262 641 434 709 Perfundit
457 641 567 728 gelida
588 639 749 726 Virgine?
786 638 836 706 Ne
859 639 979 705 futuat.

101 811 104 816 Δ
218 727 301 796 (lum
323 731 371 798 sio
391 730 525 796 feminei
549 729 678 815 generis
702 729 857 814 contagia
880 729 975 810 vitet,
1109 785 1111 788 .

262 815 328 885 (iar
351 819 448 906 lingit
470 840 611 884 aunuum
633 815 808 882 Lattara?
832 815 881 882 Ne
903 815 1028 881 iutuat.'

217 1035 316 1104 Silius
338 1040 420 1105 haee
442 1037 555 1124 magui
578 1039 723 1104 celebrat
746 1042 958 1104 monumenta
979 1035 1140 1120 Maronis,

262 1127 380 1214 Iugera
402 1126 533 1192 facundi
557 1126 613 1213 qui
636 1123 936 1193 Ciceronis-habet.

217 1213 378 1291 Heredem
402 1215 633 1301 dominumque
657 1216 707 1281 sui
730 1214 889 1280 tumulive
913 1214 1048 1280 larisve¹

262 1303 337 1370 Non
362 1302 462 1370 alium
485 1303 600 1370 mallet
622 1325 681 1370 nee
703 1302 796 1370 Maro
819 1324 878 1369 neo
902 1301 1025 1370 Cicero.

624 1435 739 1501 XLIX·
761 1427 790 1480 „i

217 1522 289 1590 Iam
311 1545 412 1609 prope
436 1522 581 1590 desertos
606 1527 729 1590 cineres
753 1527 786 1590 et
809 1527 922 1589 saneta
944 1523 1088 1588 Maronis

263 1609 408 1678 Nomina
431 1613 487 1698 qui
510 1614 645 1698 coleret,
668 1634 793 1698 pauper
815 1615 849 1678 et
871 1633 963 1677 unus
978 1616 1058 1678 erat.

219 1699 319 1768 Silius
342 1721 383 1765 en
406 1704 517 1766 tantae
541 1723 725 1767 succurrere
750 1700 874 1767 censuit
896 1701 1045 1786 umbrae,

262 1787 361 1856 Silius
385 1792 562 1870 et‘vatem,
584 1811 652 1856 non
674 1791 781 1856 minor
803 1791 887 1874 ipse,
911 1789 998 1856 colit

661 1882 758 1987 Lai

112 2055 114 2059 ι
216 2009 319 2076 Nulla
342 2014 393 2075 est
415 2010 498 2076 hora
520 2010 582 2076 tibi
606 2033 670 2095 qua
692 2032 758 2076 nou
782 2032 847 2094 me,
864 2009 989 2096 Phylli,
1007 2009 1175 2078 furentem

263 2097 447 2185 Despolies:
471 2101 563 2164 tauta
585 2098 765 2164 ealliditate
788 2099 888 2184 rapis.
1285 2099 1287 2186 ζ

217 2185 314 2252 Nune
335 2186 446 2272 plorat
469 2187 599 2271 speculo
623 2188 723 2252 fallax
747 2188 866 2254 aneilla
889 2187 1018 2270 relicto,
1157 2259 1160 2263 ,
1285 2189 1287 2272 l

262 2273 399 2340 Gemma
420 2275 474 2340 vel
496 2297 516 2338 a
539 2275 642 2360 digito
665 2277 717 2340 vel
740 2276 827 2341 eadit
850 2297 928 2342 aure
951 2277 1049 2362 lapis,
1285 2277 1287 2294 '

190 2362 311 2430 tNune
334 2363 457 2428 furtiva
478 2363 560 2428 lucri
583 2363 654 2428 fieri
677 2364 873 2449 bombycina
896 2369 1048 2450 possunt,

113 2527 122 2549 ἱ
260 2451 431 2518 Profertur
454 2449 565 2516 Cosmi
587 2473 672 2518 nuno
694 2453 776 2518 mihi
800 2454 903 2518 sioeus
928 2475 1026 2537 onyx3

217 2540 389 2626 Amphora
411 2560 497 2605 nunc
520 2541 643 2628 petitur
665 2541 753 2624 nigri
777 2541 904 2608 cariosa
926 2540 1071 2626 Falerni,

260 2629 383 2714 Expiet
405 2633 442 2694 ut
465 2649 596 2693 somnos
621 2631 752 2712 garrula
776 2653 855 2717 saga
879 2635 968 2716 tuos,

216 2715 311 2782 Nune
320 2722 358 2781 ut
368 2739 473 2782 ernam
489 2717 685 2800 grandemve
699 2717 813 2804 lupum
827 2719 1007 2784 mullumve
1021 2717 1191 2806 bilibrem,

174 2822 208 2872 10
262 2804 385 2870 Indixit
408 2827 519 2870 cenam
543 2805 631 2871 <lives
655 2807 759 2874 amica
782 2808 853 2873 tibi.
1126 2881 1127 2884 Ἴ

53 2893 57 2900 ’
195 2891 268 2960 'Sit
290 2895 395 2978 pudor
418 2898 451 2959 et
474 2893 605 2958 tandem
629 2895 697 2960 veri
720 2900 888 2981 respectus
912 2899 946 2960 et
969 2895 1076 2981 aequi:

261 2979 319 3048 Nil
342 2982 418 3067 tibi,
441 2981 568 3067 Phylli,
590 3004 688 3068 nego,
710 2985 759 3049 nil
783 2985 877 3070 mihi,
899 2983 1023 3070 Phylli,
1045 3005 1140 3071 nega.
1266 3051 1271 3066 ,

654 3093 740 3179 ω’

217 3203 324 3270 Tanta
347 3207 397 3268 est
420 3225 501 3288 quae
525 3203 611 3268 Titio
636 3203 787 3269 columna
811 3203 943 3290 pendet,

217 3292 381 3369 Quantam
404 3291 615 3376 Lampsaciae
640 3293 753 3357 colunt
775 3294 913 3377 puellae.

215 3379 279 3447 Hie
302 3382 394 3446 nullo
418 3382 596 3446 eomitante
619 3401 678 3446 neo
701 3381 841 3448 molesto

216 3469 368 3534 Thermis
392 3469 570 3554 grandibus
594 3473 627 3534 et
650 3469 717 3535 suis
741 3471 879 3546 lavatur.
988 3549 989 3552 Ἴ

189 3557 366 3643 uAnguste
390 3556 496 3622 Titius
519 3563 632 3623 tamen
655 3559 794 3625 lavatur.
