2596 4034
200 180 265 250 rea
528 177 567 236 n.
585 135 669 256 vn.
688 174 888 246 munins
952 177 955 182 ·

243 341 337 421 Quod
360 343 389 408 si
411 341 496 408 ludis
521 341 626 408 adhue
649 340 814 426 semelque
836 337 928 406 nasei
964 350 967 355 “

243 431 317 500 Uno
339 431 405 498 iam
428 430 492 496 tibi
514 452 580 498 non
604 434 657 498 sat
681 433 732 496 est
754 429 790 495 in
813 450 912 514 anno,

243 519 369 588 Natum
391 523 439 606 te,
462 519 572 608 Clyte,
595 541 655 586 neo
678 519 778 586 semel
801 517 934 604 putabo.

658 649 760 718 LXV.

243 748 307 816 Hie
330 748 387 814 ubi
408 747 574 815 Fortunae
596 745 735 814 Reducis
758 745 922 834 fulgentia
943 745 1010 811 late
1033 758 1034 762 ’

288 835 426 922 Templa
447 836 568 920 nitent,
591 835 670 902 felix
693 856 771 902 area
791 857 896 922 nuper
919 837 1002 900 erat:

243 924 308 992 Hie
330 925 424 991 stetit
446 925 561 991 Arctoi
585 924 748 991 formosus
771 923 904 1010 pulvere
927 923 1006 989 belli

288 1013 490 1100 Purpureum
511 1013 651 1079 fundens
675 1011 797 1080 Caesar
821 1011 863 1077 ab
886 1032 941 1078 ore
964 1012 1074 1096 iubar3

218 1102 308 1170 eHio
331 1103 426 1168 lauru
448 1101 600 1169 redimita
623 1123 733 1168 eomas
757 1105 791 1166 et
814 1101 951 1166 eandida
973 1101 1064 1168 cultu

289 1191 395 1257 Roma
419 1191 578 1258 salutarit
601 1213 680 1258 voce
704 1211 866 1276 manuque
890 1189 1011 1257 ducem.

245 1279 376 1347 Grande
399 1279 462 1346 loci
485 1281 639 1346 meritum
661 1283 825 1346 testantur
849 1284 882 1345 et
905 1279 1009 1344 altera
1032 1277 1133 1344 dona:

291 1367 365 1435 Stat
388 1390 479 1435 saeer
502 1374 535 1434 et
559 1368 691 1435 domitis
717 1368 870 1456 gentibus
894 1389 987 1434 areas
1011 1371 1105 1451 ovat,

244 1455 309 1523 Hic
331 1457 453 1543 gemini
475 1478 588 1524 eurrus
610 1459 785 1524 numerant
807 1455 982 1543 elephanta
1000 1455 1228 1542 frequentem,

203 1561 235 1611 ιο
292 1543 421 1612 Sufficit
443 1545 609 1612 immensis
633 1568 749 1611 aureus
772 1545 842 1631 ipse
864 1543 961 1631 iugis.

244 1632 335 1700 Haeo
358 1637 409 1700 est
432 1633 633 1721 digna‘tuis,
657 1634 860 1717 Germanice,
883 1638 979 1718 porta
1001 1633 1199 1719 triumphis3

289 1719 363 1789 Hos
386 1721 493 1790 aditus
516 1723 631 1790 urbem
653 1721 771 1789 Martis
794 1722 914 1788 habere
938 1721 1038 1788 decet.

532 1927 535 1932 .
652 1862 768 1938 LXVI.

111 2012 113 2017 .
246 1960 399 2048 Augusto
422 1961 574 2048 pistura
597 1962 810 2048 victimasque

245 2049 310 2117 Pro
333 2055 443 2116 vestro
467 2049 542 2116 date
567 2048 661 2134 Silio,
685 2049 855 2118 Camenae.

244 2137 303 2204 Bis
327 2160 422 2204 senos
445 2137 537 2204 iubet
559 2161 599 2204 en
622 2138 727 2204 redire
750 2139 870 2220 fasces,

244 2225 334 2294 Nato
358 2228 502 2312 consule,
525 2227 691 2312 nobilique
717 2228 809 2314 virga

220 2314 342 2382 oVatis
367 2313 546 2382 Castaliam
570 2316 701 2382 domum
726 2337 842 2381 sonare

245 2404 367 2471 Rerum
389 2403 496 2490 prima
519 2405 607 2471 salus
631 2408 665 2469 et
687 2427 752 2470 una
776 2401 904 2472 Caesar.

246 2492 408 2561 Gaudenti
431 2497 580 2579 superest
603 2492 721 2578 adhuc,
745 2492 831 2578 quod
855 2496 962 2580 optet,

245 2579 338 2647 Felix
360 2603 505 2668 purpura
526 2583 707 2668 tertiusque
730 2581 852 2648 consul.

245 2667 403 2756 Pompeio
428 2669 553 2736 dederit
575 2671 651 2737 lieet
674 2673 807 2736 senatus

204 2757 292 2824 rolli
315 2757 436 2826 Caesar
459 2781 579 2846 genero
603 2758 713 2826 saeros
736 2759 892 2844 honores,

247 2845 393 2923 Quorum
417 2849 570 2932 pacificus
593 2851 644 2913 ter
667 2847 839 2932 ampliavit

140 2981 143 2985 -
246 2933 345 3001 Ianus
367 2937 514 3020 nomina:
539 2935 636 3002 Silius
660 2936 846 3022 frequentes

246 3022 374 3090 Mavult
398 3023 443 3089 sio
466 3047 636 3092 numerare
660 3026 857 3092 consulatus.

644 3165 777 3233 LXVII.

246 3262 355 3329 Horas
379 3263 520 3348 quinque
544 3287 624 3350 puer
646 3265 791 3331 nondum
813 3263 875 3330 tibi
898 3265 1044 3352 nuntiat,
1067 3270 1100 3332 et
1124 3270 1162 3332 tu

290 3351 362 3417 Iam
386 3353 524 3418 conviva
548 3353 643 3438 mihi,
667 3351 863 3438 Caeciliana,
887 3355 991 3438 venis,

248 3435 330 3502 Cum
353 3439 450 3505 modo
473 3440 660 3507 distulerint
683 3464 799 3510 raucae
823 3442 1009 3510 vadimonia
1032 3447 1171 3531 quartae

292 3525 338 3590 nt
359 3525 550 3595 Floralicias
574 3530 676 3596 lasset
699 3530 942 3600 harenarum.
