2528 4038
191 205 256 272 108
519 202 558 262 M.
576 201 659 260 VAL.
678 145 874 258 munus

236 365 289 435 Sic
311 371 467 454 tauqmm
490 365 573 432 nihil
596 365 712 432 offeras
737 384 889 452 agesque.
948 344 951 350 ¹
989 363 992 368 '

235 455 270 522 Si
293 455 370 522 novi
393 454 557 522 dominum
581 474 699 520 novem
723 474 887 537 sororum,

234 543 332 612 Ultro
355 565 555 630 purpureum
577 546 668 628 petet
689 541 848 608 libellum.

657 698 759 766 VH·¹

235 807 383 886 Qualiter
405 807 562 893 Assyrios
585 810 745 874 renovant
767 805 916 872 incendia
937 806 1045 888 nidos,

278 897 353 964 Una
376 897 486 962 docem
510 896 661 981 quotiens
686 895 811 961 saecula
834 894 917 960 vixit
938 895 1022 976 avis,

234 985 358 1052 Taliter
381 988 479 1050 exuta
502 989 552 1050 cst
574 989 717 1051 vetarem
739 1005 827 1049 nova
849 981 956 1048 Roma
979 983 1147 1055 senectam

278 1073 326 1140 Et
347 1073 488 1158 sumpsit
509 1073 621 1138 vultus
645 1071 803 1157 praesidis
826 1071 900 1156 ipsa
922 1071 981 1136 sui.

234 1162 307 1228 Iam
330 1183 445 1247 precor
468 1161 592 1227 oblitus
615 1167 760 1243 nostrae,
782 1158 941 1242 Volcane,
965 1157 1131 1244 querellae

280 1249 395 1318 Parce:
418 1271 529 1315 sumus
552 1249 670 1315 Martis
694 1249 805 1331 turba,
829 1248 885 1313 sad
909 1253 943 1314 et
964 1245 1116 1312 Veneris:

235 1337 350 1422 Parce,
372 1341 479 1426 pater:
503 1338 550 1404 sic
572 1337 755 1404 Lemniacis
779 1335 902 1403 lasciva
924 1335 1050 1402 catenis
1069 1393 1083 1412 ,

279 1425 435 1514 Ignoscat
458 1425 597 1494 coniunx
621 1430 654 1492 et
675 1427 839 1512 patienter
861 1428 958 1490 amet

652 1583 743 1650 VIII.

236 1690 391 1756 Edictum
415 1691 537 1756 domini
560 1691 674 1776 deique
696 1691 816 1775 nostri,

238 1777 308 1855 Quo
332 1777 489 1844 subsellia
511 1779 651 1845 certiora
672 1779 756 1844 fiunt

236 1867 283 1932 Et
305 1889 404 1951 puros
428 1889 526 1952 eques
550 1867 678 1932 ordines
701 1867 836 1951 recepit,

236 1953 323 2022 Dum
347 1953 461 2020 laudat
483 1954 579 2020 modo
602 1955 718 2020 Phasis
741 1955 776 2021 in
798 1955 943 2040 theatro,

212 2043 355 2110 oPhasis
378 2044 548 2129 purpureis
571 2044 670 2109 ruber
692 2043 844 2128 lacernis,

238 2131 285 2198 Et
306 2132 408 2198 iactat
429 2131 553 2198 tumido
577 2131 735 2217 superbus
759 2153 814 2198 ore

237 2219 400 2303 „Tandem
422 2219 622 2286 commodius
646 2219 723 2286 licet
746 2220 870 2305 sedere,

237 2307 334 2374 Nunc
357 2313 408 2375 est
430 2308 556 2374 reddita
579 2309 721 2394 dignitas
745 2307 915 2393 equestris,

238 2397 348 2463 Turba
370 2419 436 2464 non
458 2397 636 2481 promimur
658 2418 717 2462 nec
740 2393 981 2482 inquinamur“:

195 2483 328 2552 10Haec
352 2488 385 2550 et
407 2485 488 2550 talia
511 2485 588 2550 dum
610 2484 710 2550 refert
732 2485 881 2571 supinus,

236 2573 318 2640 Illas
341 2595 519 2660 purpureas
543 2576 577 2638 et
599 2577 792 2660 arrogantes

238 2662 340 2728 Iussit
362 2683 495 2749 surgere
519 2661 631 2726 Leitus
654 2661 811 2728 lacernas.

671 2819 728 2886 IX.

238 2923 463 3011 Languebam:
488 2924 544 2990 sed
567 2928 603 2990 tu
626 2925 801 2991 comitatus
825 2925 973 3011 protinus
996 2925 1038 2991 ad
1064 2951 1120 2996 me

283 3013 412 3080 Venisti
435 3017 580 3098 centum,
603 3012 811 3098 Symmacho,
835 3013 1013 3099 discipulis,

239 3103 377 3171 Centum
402 3125 454 3168 me
476 3103 616 3186 tetigere
640 3123 755 3168 manus
780 3103 931 3187 aquilone
955 3103 1104 3190 gelatae:

283 3191 358 3259 Non
381 3191 483 3256 habui
504 3190 642 3276 febrem,
666 3189 873 3277 symmache,
896 3213 981 3257 nunc
1005 3191 1129 3264 habeo.

682 3349 721 3418 X.

239 3458 341 3544 „Esse
365 3455 528 3542 quidhoc
551 3457 671 3543 dicam,
694 3458 779 3524 vivis
803 3457 889 3544 quod
912 3457 1000 3524 lama
1022 3469 1170 3552 negatur

283 3544 329 3611 Et
352 3565 413 3610 sua
435 3544 521 3630 quod
544 3569 637 3612 rarus
661 3551 811 3634 tempora
834 3548 937 3614 lector
961 3551 1099 3616 amat?“
