2596 4034
152 171 219 238 244
421 175 425 182 ³
483 167 521 224 n
541 167 625 227 vnn.
642 166 844 224 nunrnms
904 250 905 254 .

197 331 263 401 Our
284 333 387 400 irater
409 331 471 398 tibi
495 330 598 415 dicor,
620 353 660 398 ex
682 330 817 396 Hiberis

195 421 243 489 nt
264 420 367 489 Celtis
392 420 524 508 genitus
547 419 692 506 Tagique
716 419 820 487 ciris?
925 467 928 471 -

170 513 250 578 eAn
272 511 364 576 vultu
387 509 509 575 similes
532 507 681 576 videmur
703 509 796 575 esse?

196 599 248 665 Tu
270 599 354 664 flexa
376 597 499 664 nitidus
523 619 617 664 coma
638 599 786 685 vagaris,

196 686 355 774 Hispanis
378 707 439 774 ego
463 689 641 753 contumax
663 685 806 773 capillis3

196 775 293 842 Levis
317 775 456 862 dropace
478 778 516 841 tu
539 775 716 861 cotidiano,

196 863 344 930 Hirsutis
368 885 429 952 ego
454 864 601 930 cruribus
625 865 795 952 genisque3

154 971 188 1020 ιο
197 951 243 1020 Os
265 953 414 1019 blaesum
436 953 500 1018 tibi
523 952 703 1037 debilisque
727 954 842 1041 lingue
865 955 928 1034 est,

197 1040 304 1108 Nobis
326 1042 396 1108 filia
418 1040 536 1108 fortius
559 1042 723 1126 loquetur:

198 1129 281 1197 'Iam
304 1129 415 1215 dispar
438 1129 567 1216 aquilae
591 1129 744 1216 columba
765 1151 833 1196 non
856 1133 920 1215 est,

197 1217 267 1286 Nee
290 1219 404 1286 dorcas
427 1217 534 1302 rigido
557 1218 660 1304 fugax
675 1217 779 1290 [leoni.

135 1343 137 1347 ·
197 1305 304 1384 Quare
327 1307 437 1373 desine
460 1328 512 1372 me
535 1327 652 1374 vocure
675 1305 826 1391 fratrem,

155 1412 188 1462 15
198 1395 249 1463 Ne
271 1401 320 1484 te,
342 1393 574 1480 Charmenien,
596 1417 710 1462 roeem
733 1417 888 1464 sororem.

603 1527 721 1596 LXVI.

200 1625 294 1712 Quis,
316 1648 412 1714 rogo,
429 1630 500 1694 tem
518 1626 631 1709 durus,
650 1627 722 1711 quis
745 1629 816 1692 tam
832 1625 898 1693 fuit
916 1627 973 1694 ille
996 1631 1171 1717 superbus,
1282 1713 1286 1724 Ι

177 1748 179 1753 ·
242 1713 306 1792 Qui
328 1716 424 1782 iussit
446 1715 518 1781 fieri
540 1719 588 1800 te,
610 1715 833 1800 Theopompe,
855 1719 992 1784 eeeum?
1014 1717 1018 1728 '
1051 1793 1053 1796 q

142 1835 143 1838 ¹
198 1803 292 1870 Hane
315 1805 435 1889 aliquis
457 1804 575 1871 faciem
598 1805 696 1891 nigre
718 1804 842 1870 violare
866 1806 975 1872 eulina
1009 1833 1010 1838 ¹

221 1891 404 1978 ‚Sustinet
426 1893 487 1960 has
509 1898 608 1959 nnete
630 1892 759 1978 polluit
774 1893 850 1978 igne
873 1896 1005 1961 eomas?
1097 1970 1099 1972 ,
1287 1955 1289 1976 y

108 1986 109 1990 ’
172 1980 279 2060 rQuis
301 1982 411 2068 potius
434 1981 572 2067 cyathos
596 1985 654 2047 aut
677 1981 749 2066 quis
773 1983 931 2068 crystalla
953 1984 1100 2050 tenebit?
1154 2002 1155 2005 ’
1240 2013 1281 2065 ’,

243 2068 316 2146 Qua
339 2069 467 2155 sapient
489 2071 607 2136 melius
630 2071 734 2136 mixta
755 2067 895 2136 Falerna
917 2074 1038 2140 manu?

200 2156 235 2225 Si
258 2163 327 2224 tam
351 2159 492 2226 sidereos
515 2161 627 2225 manet
651 2159 755 2224 exitus
778 2159 842 2226 iste
864 2161 1047 2248 ministros,

242 2245 392 2332 Iuppiter
415 2251 526 2313 utatur
548 2249 615 2313 iam
638 2245 825 2334 Ganymede
848 2270 934 2318 eoee.

596 2387 730 2455 LXVII.

199 2485 344 2572 Pyrrhae
367 2487 450 2571 filia,
472 2483 623 2552 Nestoris
646 2509 799 2573 noverea,

193 2573 306 2652 Quam
328 2575 411 2640 vidit
433 2573 540 2645 Niobe
562 2575 672 2660 puella
694 2597 823 2662 eanam,
924 2623 927 2629 ·
987 2631 989 2634 .

199 2663 334 2730 Laertes
358 2664 466 2729 aviam
490 2685 587 2729 senex
609 2665 753 2746 vocavit,
901 2733 904 2738 ,

200 2750 370 2817 Nutricem
392 2751 556 2838 Priamus,
580 2775 709 2819 socrum
732 2753 907 2840 Thyestes,

174 2839 272 2905 elam
296 2839 477 2906 cornicibus
500 2841 652 2908 omuibus
676 2847 856 2928 superstes,

201 2927 274 2994 Hoe
296 2929 429 2994 tandem
453 2929 517 2994 sita
540 2932 646 3016 prurit
668 2931 705 2996 in
729 2933 878 3018 sepulcro
1007 2969 1021 2996 r

202 3015 304 3086 Oalvo
328 3016 437 3084 Plotia
460 3040 534 3085 eum
557 3019 787 3086 Melanthione.

588 3159 739 3228 LXVIII.

203 3254 284 3323 Cum
302 3257 364 3323 tibi
382 3279 449 3324 nen
467 3258 617 3345 Ephesos
636 3282 695 3326 nee
715 3261 758 3325 sit
775 3259 910 3328 Rhodos
930 3268 987 3328 aut
1001 3259 1178 3348 Mytilene,

248 3344 311 3412 Sed
335 3346 449 3412 domus
472 3348 507 3412 in
530 3349 616 3433 vieo,
639 3348 767 3435 Laelia,
790 3351 943 3436 patricie,

203 3431 316 3519 Deque
340 3435 495 3502 eoloratis
518 3460 685 3524 nunquam
708 3440 769 3506 lita
791 3445 897 3507 meter
919 3440 1085 3527 Etruscis,

247 3522 358 3588 Durus
381 3523 516 3593 Aricina
540 3527 578 3592 de
600 3525 733 3616 regione
756 3533 864 3618 pater3
