2528 4038
238 224 241 231 ’
335 232 635 292 EPIGRAMMATON
653 235 721 294 ms.
740 236 788 295 111.
1031 237 1072 308 73
1096 274 1103 285 .

106 397 169 464 Neo
191 400 281 466 venit
303 397 412 464 inanis
435 399 578 466 rusticus
603 401 776 467 salutator:

12 533 14 560 .
106 487 176 554 Fert
196 487 256 554 ille
278 485 362 554 ceris
386 509 468 554 cana
491 511 565 556 cum
589 491 657 556 suis
681 489 782 556 mella

70 575 287 663 sotietamqus
308 575 407 642 lactis
432 574 600 644 Sassinate
623 579 662 645 de
686 579 782 664 silum

11 727 12 732 ,
107 662 344 732 Somniculosos
367 665 424 731 ille
447 666 589 753 porrigit
613 669 728 755 glires,

11 801 12 836 3
106 753 163 822 Hio
184 755 372 840 vagientem
395 755 511 822 metris
535 756 683 844 hispidae
705 757 822 842 fetum,

11 851 13 880 ³
105 844 192 908 Alius
217 847 349 910 coactos
372 865 441 910 non
463 867 574 912 amare
598 867 746 930 capones.

105 931 147 996 Et
169 932 254 998 dona
277 937 421 998 matrum
444 933 564 1000 vimine
588 935 730 1000 offerunt
751 939 842 1002 texto

68 1037 97 1085 ιο
106 1018 248 1087 Grandes
272 1022 451 1106 proborum
474 1023 619 1109 virgines
642 1025 841 1091 colonorum.

10 1139 11 1200 ι
105 1108 200 1177 Facto
223 1115 361 1177 vocatur
383 1111 490 1176 laetus
514 1133 612 1198 opere
634 1113 773 1199 ricinus3

104 1197 168 1266 Neo
190 1221 292 1266 avara
315 1203 426 1266 servat
448 1203 607 1266 crastinas
632 1201 732 1288 dapes
756 1224 881 1291 mensa,

104 1285 423 1364 Vescuntur-omnes
448 1289 602 1374 ebrioque
624 1311 692 1356 non
713 1291 807 1358 novit

9 1381 10 1392 ’
105 1373 200 1442 Satur
224 1377 375 1443 minister
397 1377 543 1443 invidere
566 1379 729 1445 convivae.

67 1466 146 1530 nst
167 1469 205 1531 tu
230 1467 290 1532 sub
315 1467 396 1532 urbe
419 1467 568 1552 possides
591 1467 713 1534 famem
736 1467 890 1534 mundam

103 1553 146 1620 ut
167 1559 259 1621 turre
283 1556 325 1620 ab
350 1555 419 1620 alta
442 1555 602 1642 prospieis
626 1578 733 1622 meras
756 1557 882 1644 laurus,

103 1643 219 1710 Furem
243 1643 364 1730 Priapo
387 1665 455 1710 non
476 1644 614 1710 timente
638 1665 781 1730 securus3

103 1732 145 1798 m
166 1731 344 1798 vinitorem
365 1732 454 1798 farre
478 1731 586 1818 pascis
609 1734 735 1800 urbano

104 1819 292 1908 Piotamque
315 1827 430 1907 portas
454 1821 580 1887 otiosus
604 1820 645 1888 ad
667 1822 781 1888 villam

66 1923 94 1973 50
102 1907 221 1993 Holus,
244 1931 320 1994 ora,
343 1910 465 1996 pullos,
487 1932 600 1998 poma,
622 1933 765 1993 caseum,
787 1915 939 1978 mustum.

103 1998 169 2066 Rus
191 1999 257 2066 hoo
279 2000 392 2065 vocari
415 1998 525 2085 debet,
548 2021 591 2064 an
613 1999 728 2066 domus
753 2000 873 2087 longe?

524 2112 609 2180 LIX.

103 2165 201 2269 Sutor
225 2202 321 2271 cerdo
345 2189 830 2287 dedir'ribi‚ou1sassononia,
854 2225 984 2290 munus,
1035 2281 1041 2296 ,

144 2291 243 2358 Fullo
267 2291 357 2358 dedit
379 2291 540 2358 Mutinae:
562 2313 648 2356 nuno
671 2291 727 2356 ubi
750 2313 832 2378 copo
856 2293 969 2360 dabit?

535 2405 603 2472 LX.

103 2491 185 2562 Ourn
209 2495 372 2562 vooerad
394 2517 508 2562 oenam
529 2485 596 2562 non
618 2495 685 2560 iam
708 2494 832 2562 venalis
855 2500 892 2564 ut
914 2502 1004 2583 ante,

146 2583 213 2652 Cur
236 2583 319 2650 mihi
341 2606 408 2651 non
432 2585 557 2662 eadem,
581 2604 663 2667 quae
686 2583 761 2661 tibi,
783 2605 863 2650 cena
886 2585 1004 2654 datur?

104 2671 223 2740 Ostrea
245 2677 284 2738 tu
307 2673 408 2739 sumis
432 2677 550 2757 stagno
573 2675 723 2736 saturata
745 2670 901 2762 Lucrino,
920 2681 930 2705 ‘

145 2761 285 2850 Sugitur
306 2761 410 2828 inciso
434 2762 569 2827 mitulus
593 2781 648 2826 ore
672 2759 767 2826 mihi:

63 2847 169 2917 sSunt
192 2851 256 2917 tibi
280 2850 396 2935 boleti,
419 2850 538 2936 fungos
561 2870 623 2936 ego
647 2871 739 2914 sumo
763 2849 890 2918 suillos:
911 2933 914 2940 ἱ

144 2938 211 3006 Res
235 2939 304 3005 tibi·
321 2961 394 3006 oum
417 2938 557 3004 rhombo
581 2941 645 3021 est,
669 2942 704 3002 at
727 2937 807 3002 mihi
830 2960 903 3006 oum
927 2942 1073 3027 sparulo:

101 3027 231 3094 Aureus
254 3027 423 3095 inmodicis
447 3031 557 3093 turtur
579 3031 611 3092 te
635 3025 781 3092 clunibus
805 3025 934 3114 implet,

144 3117 286 3184 Ponitur
308 3116 344 3183 in
365 3138 466 3184 eavea
488 3118 618 3184 mortua
641 3115 715 3201 pioa
736 3112 826 3180 mihi.

103 3203 167 3274 Cur
192 3205 320 3272 sinete
344 3227 438 3292 oeno,
461 3227 535 3274 oum
558 3208 678 3289 tecum,
700 3199 848 3286 Pontice,
871 3207 1023 3272 cenem?

64 3307 92 3358 ιο
146 3292 306 3380 Sportula
327 3295 415 3381 quod
437 3317 505 3362 non
528 3299 592 3382 est,
615 3293 733 3380 prosit:
757 3291 888 3356 edamus
912 3293 1006 3359 idem.

524 3403 615 3485 LXL

95 3507 185 3575 vEsse
207 3508 294 3576 nihil
319 3508 399 3576 dieis
423 3507 582 3594 quidquid
605 3506 703 3594 petis,
726 3502 873 3588 improbe
888 3472 1015 3572 *Cinnar

83 3652 87 3660 .
146 3596 183 3664 Si
205 3598 268 3685 nil,
291 3595 411 3685 OEnna,
434 3599 536 3684 petis,
557 3598 606 3662 nil
628 3592 844 3682 tibisCinna,
867 3611 962 3677 nego.
