2528 4038
178 197 222 264 68
509 197 548 254 II.
566 195 652 253 VAL.
669 193 870 252 manulius

197 359 309 448 ergit
330 359 502 426 Atestinus
526 381 640 426 causas
664 364 698 425 et
721 355 810 425 Giris
833 395 878 406 —
899 362 1077 443 utrumqne
1100 429 1103 434 ,

269 447 377 516 Neres
399 473 458 532 -3
482 447 539 514 sed
560 448 671 514 neutri
693 448 809 534 pensio
833 449 905 514 tote
926 447 1000 512 fuit.
1039 523 1040 526 Ἴ

178 558 180 562 ·
223 535 278 622 „Si
301 538 384 604 nihil
407 539 484 605 hinc
506 537 630 621 veniet,
653 541 838 622 pangentur
860 537 1006 602 earmina
1028 535 1142 602 nobis:
1253 623 1254 626 Ἴ

269 627 435 712 Audieris,
459 625 545 692 dices
569 647 639 691 esee
663 623 809 692 Maroni·
833 624 945 710 opus.“

224 712 367 782 Insanis:
390 737 502 782 omnes
526 714 642 800 gelidis
666 715 849 800 quicunque
872 713 1011 778 lacernis

154 845 156 850 -
181 819 214 868 ιο
269 801 352 870 Sunt
374 803 436 888 ibi,
457 801 608 869 Nasones
630 801 861 888 Vergiliosque
883 802 984 868 vides.

224 891 341 977 „Atria
363 915 485 979 magna
508 889 642 958 colam.“
673 889 738 956 Vix
760 896 828 958 tres
852 896 910 956 eut
932 893 1091 976 quattuor
1113 891 1175 956 ista
1253 913 1254 936 ¹

269 979 334 1046 Res
358 981 454 1065 aluit,
477 981 581 1066 pallet
603 983 712 1047 cetera
734 979 834 1046 turba
855 979 951 1046 fame.

144 1125 147 1130 .
224 1067 327 1154 „Quid
342 1069 481 1135 faciam?
496 1069 609 1136 suade:
627 1091 705 1134 nam
718 1073 843 1134 eertum
858 1073 910 1134 est
922 1069 1031 1134 vivere
1046 1066 1194 1133 Romae“

271 1155 308 1223 Si
330 1159 436 1224 bonus
459 1181 509 1245 es,
531 1180 607 1225 casu
631 1157 752 1237 vivere,
776 1155 888 1242 Sexte,
909 1163 1015 1244 potes.

589 1425 591 1428 Ι
613 1334 764 1402 xxxix.

225 1437 328 1506 Iliaco
353 1439 493 1506 similem
516 1463 666 1528 puerum,
688 1440 858 1525 Faustina,
880 1439 1033 1506 ministro
1253 1513 1254 1518 γ

218 1597 221 1604 ,
270 1527 375 1596 Lusca
398 1529 533 1614 Lycoris
557 1536 654 1596 amat.
692 1530 798 1608 Quam
821 1530 903 1596 bene
926 1529 1018 1619 lusca
1042 1529 1143 1594 videt!
1253 1527 1254 1608 l

228 1811 344 1878 Mutua
366 1811 453 1898 quod
475 1812 570 1879 nobis
593 1816 644 1878 ter
667 1813 896 1899 quinquagena
919 1812 1037 1878 dedisti

270 1900 323 1966 Ex
346 1901 462 1985 opibus
485 1902 602 1984 tantis,
624 1924 705 1986 quas
729 1902 839 1988 gravis
863 1923 938 1968 arca
960 1901 1096 1988 premit,
1156 1955 1159 1960 .
1253 1911 1254 1930 ³

223 1989 310 2055 Esse
333 1989 394 2054 tibi
418 2011 572 2076 magnus,
595 1989 758 2073 Telesina,
780 1988 900 2056 videris
923 1991 1056 2056 amicus.

249 2077 319 2143 ‘Tu
344 2099 496 2164 magnus,
518 2077 604 2164 quod
627 2079 708 2145 dee?
735 2079 836 2144 immo
861 2100 935 2166 ego,
959 2079 1046 2164 quod
1070 2079 1190 2165 recipis.
1253 2129 1254 2132 η

648 2253 733 2320 XLI.

225 2359 353 2426 Inserta
375 2359 506 2446 phialae
528 2359 687 2426 Mentoris
711 2383 810 2426 manu
833 2360 929 2428 ducta

225 2447 364 2514 Lacerta
385 2449 466 2514 vivit
489 2453 523 2515 et
544 2451 679 2514 timetur
703 2454 884 2536 argentum.

638 2625 739 2692 XLII.
868 2643 870 2646 ·
975 2622 980 2630 ’

226 2728 386 2797 Lomento
409 2752 509 2816 rugas
532 2733 617 2796 uteri
640 2732 727 2816 quod
750 2733 887 2799 condere
909 2737 1066 2818 temptas,

270 2819 378 2904 Polla,
399 2819 462 2896 tibi
485 2825 645 2902 ventrem,
667 2842 733 2886 non
756 2821 837 2886 mihi
860 2821 953 2886 labra
976 2823 1065 2894 linis..

162 2960 164 2962 -
226 2905 424 2991 Simpliciter
446 2912 561 2992 pateat
582 2909 699 2975 vitium
723 2909 862 2975 fortasse
886 2911 1055 2995 pusillum:

271 2994 364 3072 Quod
386 2999 524 3082 tegitur,
547 3019 703 3083 magnum
726 2999 868 3064 ereditur
890 3019 961 3064 esse
985 2999 1116 3066 melum.
1251 3047 1254 3078 ⁴

631 3173 749 3241 XLIII.

227 3279 377 3346 Mentiris
400 3280 551 3345 iuvenem
574 3280 701 3366 tinctis,
724 3281 874 3368 Laetine,
897 3283 1038 3370 capillis,

271 3369 354 3434 Tam
377 3370 487 3435 subIto
512 3391 640 3451 corrue,
663 3371 720 3456 qui
742 3373 838 3437 modo
862 3393 987 3458 cygnus
1011 3394 1090 3438 eras.

226 3455 302 3524 Non
326 3480 440 3523 omnes
463 3458 566 3542 fallis3
589 3459 651 3524 soit
673 3464 706 3524 te
729 3458 926 3544 Proserpina
950 3483 1081 3528 canum:

118 3562 122 3570 ’
271 3545 451 3612 Personam
474 3548 573 3633 capiti
597 3547 747 3612 detrahet
770 3549 829 3614 illa
851 3553 919 3614 tuo.
1030 3633 1031 3636 Ἴ
