2528 4038
470 661 518 736 M.
545 659 652 735 VAL.
680 654 945 734 MARTIALIS

399 829 1007 936 EPiGRAMMATON

600 1023 734 1094 arnna
756 1023 812 1092 vr.
949 1083 957 1106 ,

693 1201 719 1269 1.

245 1310 361 1379 Sextus
384 1311 527 1378 mittitur
549 1309 603 1377 hic
626 1310 688 1376 tibi
711 1309 857 1389 libellus,
963 1319 966 1324 '
1103 1327 1108 1334 ·

150 1402 151 1405 ’
243 1400 284 1467 In
306 1399 421 1486 prirnis
444 1399 525 1466 mihi
548 1421 622 1466 care
645 1397 821 1466 Martialis:

245 1488 347 1566 Quem
371 1489 400 1556 si
421 1488 553 1554 terseris
576 1509 653 1555 aure
676 1486 839 1574 diligenti,

244 1575 389 1644 Audebit
411 1577 517 1642 minus
541 1577 656 1642 anxius
679 1580 885 1659 tremensque

219 1664 383 1750 abiegnas
407 1663 556 1732 Caesaris
579 1665 613 1730 in
636 1686 751 1730 manus
774 1664 891 1729 venire.

665 1797 717 1889 ,Π
983 1861 988 1870 Ι
1176 1803 1181 1839 ,

245 1928 351 1996 Lusus
374 1933 445 1995 erat
468 1950 578 1996 sacrae
601 1927 740 1995 conubia
761 1927 875 1995 fallere
898 1926 1027 2012 taedae,

290 2018 395 2084 Lusus
419 2021 452 2084 et
474 2018 653 2084 immeritos
677 2018 840 2084 execuisse
864 2039 980 2084 mares.
1143 2023 1155 2073 ἱ

246 2105 392 2192 Utraque
414 2110 450 2172 tu
473 2106 640 2192 prohibes,
659 2103 796 2190 ‘Caesen
818 2106 1010 2192 populisque
1033 2105 1154 2172 futuris

291 2193 470 2279 Succurris,
493 2195 582 2260 nasci
606 2194 691 2279 quod
715 2194 783 2260 sinc
806 2193 919 2260 fraude
942 2195 1044 2261 iubes.

219 2283 314 2351 chc
328 2283 430 2368 spado
443 2283 509 2349 iarn
522 2305 580 2348 nec
590 2282 742 2352 moechus
754 2283 816 2350 erit
825 2287 858 2348 te
867 2283 1014 2368 praeside
1024 2283 1209 2369 quisquan:

158 2429 160 2434 .
289 2375 336 2438 At
358 2372 448 2457 prius
467 2392 550 2438 -ο
572 2372 692 2436 mores!
713 2406 751 2420 -
773 2373 807 2436 ei
829 2371 931 2457 spado
955 2371 1111 2440 moechus
1136 2375 1207 2438 erat.

676 2529 735 2596 III.

245 2636 388 2704 Nascere
411 2633 576 2702 Dardanio
601 2635 796 2719 promissum
819 2657 937 2704 nomen
960 2635 1048 2720 Iulo,

185 2735 187 2740 '
289 2725 377 2792 Vera
400 2725 495 2790 deum
519 2724 660 2810 suboles3
684 2746 828 2809 nascere,
851 2747 969 2811 magne
992 2747 1088 2812 puer:

246 2812 305 2880 Cui
328 2818 422 2900 puter
444 2817 592 2878 aeternas
615 2815 691 2900 post
714 2813 841 2880 saecula
863 2814 973 2880 tradat
995 2813 1156 2897 habenas,

290 2901 416 2986 Quique
439 2921 534 2986 regas
559 2901 670 2966 orbem
694 2923 766 2988 curn
790 2902 915 2970 seniore
939 2923 1046 2968 senex.
1139 2901 1142 2908 ⁴

219 2988 321 3076 prsa
343 2989 405 3054 tibi
427 2989 522 3054 niveo
546 2989 656 3056 trahet
679 3012 776 3056 aurea
798 2989 918 3076 pollice
941 2991 998 3056 fila
1034 3057 1040 3064 ,

287 3077 342 3169 Et
355 3081 460 3144 totam
483 3075 597 3142 Phrixi
618 3075 816 3144 Iulia‘nebit
839 3100 942 3146 ovem.

366 3251 371 3304 r
677 3236 734 3305 IV.
816 3251 820 3258 ·

245 3319 528 3410 Censor'maxime
552 3344 798 3432 principumque
820 3343 984 3431 princeps,

245 3429 326 3498 Cum
350 3433 489 3498 tetiam
512 3432 575 3498 tibi
599 3433 715 3499 debeat
738 3433 935 3521 triumphos,

245 3517 308 3585 'lbi
330 3521 496 3587 nascentia
509 3522 655 3606 templa,
678 3524 730 3589 tot
753 3527 883 3608 renata,
