2596 4034
205 167 272 236 206
402 241 414 270 ο
455 163 495 227 't
532 166 892 228 euvrallnarlauls
945 219 975 267 '.

654 329 772 398 XXXI.

251 418 334 488 Oum
358 442 465 488 eomes
488 419 620 486 Aretois
643 419 793 484 haereret
816 418 965 486 Caesaris
990 419 1089 486 armis

294 509 423 594 Velius,
446 509 531 574 hano
553 507 653 573 Marti
675 529 735 593 pro
759 508 838 574 duee
861 510 952 576 vovit
974 531 1080 592 avem;

248 597 343 664 Luna
367 600 482 684 quater
505 597 599 663 binos
623 619 690 662 non
713 599 785 662 loha
808 601 980 684 peregerat
1002 597 1111 683 orbes,

153 739 158 748 .
293 686 416 752 Debita
438 685 594 770 poscebat
616 685 681 750 iam
706 685 770 750 sibi
793 690 871 752 vola
894 687 985 752 deus:

223 774 325 860 quse
349 797 424 840 suas
447 796 541 840 anser
564 773 752 860 properavit
773 774 879 840 laetus
904 776 945 840 ad
968 797 1043 842 aras

292 863 338 930 Er
361 863 478 929 oeeidil
500 864 620 928 sanetis
643 861 754 928 hostia
776 884 879 947 parva
901 864 994 930 focis.

249 950 331 1019 Octo
354 952 445 1018 vides
468 952 581 1037 patulo
604 949 742 1036 pendere
764 952 963 1018 nomismata
986 957 1094 1018 rostro

293 1037 427 1106 Alitis?
440 1040 520 1106 haeo
543 1041 627 1105 erlis
651 1039 784 1106 condita
806 1061 911 1126 nuper
934 1043 1041 1106 eranl:

249 1129 437 1208 Quaelibet
460 1132 597 1216 argento
619 1150 680 1212 pro
704 1132 750 1206 te,
772 1150 839 1195 non
862 1131 1033 1216 sanguiue,
1056 1125 1200 1216 Caesar,

207 1234 241 1284 ιο
293 1217 452 1298 Victima,
476 1218 543 1282 iam
565 1216 653 1283 Ierro
679 1239 746 1282 non
769 1238 850 1304 opus
875 1239 945 1284 esse
968 1218 1071 1285 docel.

248 1434 455 1522 Benevola,
479 1460 560 1524 quae
584 1438 705 1523 facilis,
728 1461 809 1524 quae
832 1437 1005 1525 palliolata
1028 1444 1186 1526 vagatur,

293 1525 388 1592 Hane
411 1527 500 1612 volo,
523 1549 605 1612 quae
628 1549 729 1612 puero
753 1529 819 1592 iam
844 1527 932 1594 dedii
955 1531 1031 1608 ante
1055 1549 1144 1608 meo,

184 1651 192 1660 .,
250 1613 342 1682 Hane
365 1615 455 1700 volo,
479 1637 577 1702 quam
600 1616 732 1682 redimit
754 1621 860 1683 totam
884 1618 1035 1682 denarius
1061 1617 1161 1703 alter,

141 1789 143 1791 ,
264 1751 268 1756 -
293 1703 388 1770 Hane
410 1706 501 1790 volo,
524 1727 606 1789 quae
629 1706 754 1790 pariler
777 1705 899 1771 suffieit
922 1729 986 1771 una
1008 1705 1125 1772 tribus.

146 1831 152 1845 ·-
223 1791 440 1859 oPoaoenlam
463 1815 614 1858 nummos
638 1798 671 1860 et
694 1794 833 1880 grandia
854 1794 956 1860 uerba
979 1799 1151 1860 sonantem

293 1880 465 1948 Possideah
488 1903 617 1947 crassae
640 1881 796 1948 mentula
809 1881 1014 1970 Burdigalae.
1051 1921 1052 1924 ¹

634 2013 786 2082 XXXIII.

248 2101 400 2168 Audieris
424 2103 459 2168 in
483 2126 560 2189 quo,
583 2103 713 2188 Flacca,
737 2103 854 2170 balneo
877 2103 1044 2190 plausum,
1124 2111 1126 2116 '

247 2189 393 2257 Maronis
417 2191 486 2257 illie
510 2214 580 2258 esse
604 2191 784 2258 mentulam
808 2193 901 2259 seito.

429 2375 430 2378 η
579 2391 588 2401 ,
637 2323 787 2390 XXXIV.

248 2411 397 2497 Iuppiter
419 2411 509 2478 Idaei
531 2412 605 2478 risit
628 2412 797 2479 mendacia
818 2413 921 2498 busti,

292 2501 379 2568 Dum
402 2501 491 2567 videt
514 2501 655 2586 Augusti
678 2501 792 2567 Flavia
815 2503 940 2586 templa
962 2501 1045 2588 poli,

248 2592 465 2674 Atqueinler
488 2611 618 2656 mensas
642 2591 736 2676 largo
760 2591 827 2656 iam
850 2597 982 2658 nectare
1005 2592 1111 2674 fusus,

167 2736 173 2746 .
291 2677 414 2745 Pocula
437 2701 510 2746 oum
533 2679 633 2744 Marti
655 2679 800 2745 traderet
822 2681 892 2764 ipse
916 2703 989 2764 suu,

222 2765 437 2852 nRespieiens
459 2767 628 2834 Phoebum
652 2769 775 2851 pariter
798 2768 986 2854 Phoebique
1010 2789 1174 2852 sororem,

290 2855 374 2922 „Cum
399 2857 517 2941 quibus
541 2856 672 2922 Alcides
697 2863 730 2922 el
753 2857 826 2941 pius
849 2859 953 2924 Areas
978 2861 1063 2924 erat:

247 2943 389 3029 ,fGnosia
412 2945 488 3011 νοεα
510 2946 616 3030 inquit
638 2946 751 3028 „nobis
775 2951 986 3012 monumenta
1009 2945 1164 3012 dedislis:
1278 2977 1279 2980 ¹

293 3032 439 3120 Cernile,
462 3057 559 3120 quam
583 3035 655 3120 plus
679 3035 735 3120 sit,
759 3033 909 3100 (laeseris
933 3057 1004 3101 esse
1027 3039 1191 3122 patrem.“

643 3165 778 3235 XXXV.

247 3255 385 3322 Arlibus
408 3255 459 3321 his
484 3279 609 3341 semper
633 3277 759 3340 cenam,
782 3256 983 3342 Philomuse,
1006 3258 1157 3344 mereris,

292 3346 439 3412 Plurima
463 3345 538 3410 dum
563 3346 673 3432 single,
698 3345 754 3410 sed
778 3347 870 3431 quasi
892 3369 971 3412 vera
993 3347 1104 3412 resera.

248 3432 332 3518 Seis,
356 3434 434 3520 quid
457 3434 493 3498 in
515 3435 652 3499 Arsacia
675 3432 818 3500 Pacorus
843 3435 1000 3502 deliberet
1024 3435 1111 3519 aula,

292 3521 482 3602 Rhenanam
505 3545 656 3590 numeras
680 3519 955 3610 Sarmaticamque
979 3547 1125 3607 manum,
