2528 4038
162 215 207 282 64
453 251 456 256 .
490 213 531 280 u
548 211 630 270 ιιι.
650 177 862 270 niardus·

625 373 715 462 xJX2

102 545 104 548 .
206 482 360 550 Proxima
382 482 526 550 centenis
550 481 734 548 ostenditur
756 503 835 548 ursa
856 478 1032 566 columnis,

252 571 424 640 Exornant
445 571 540 637 fictae
564 592 629 657 qua
652 570 832 655 platanona
853 569 951 636 ferae.

206 659 314 728 Huius
337 662 413 728 dum
437 659 569 746 patulos
593 659 749 726 adludens
772 661 914 746 temptet
936 657 1046 724 hiatus
1166 662 1169 668 '

140 823 143 828 ,
251 749 392 816 Pulcher
414 749 534 834 Hylas,
558 752 703 814 teneram
726 749 840 814 mersit
862 747 898 812 in
919 768 978 812 ora
1001 767 1148 812 manum.

181 836 251 904 evi
276 859 331 904 era
354 837 411 904 sed
434 859 529 904 caeco
554 837 714 903 scelerate
735 837 863 903 latebat
885 835 920 900 in
943 856 1017 901 aere

251 861 457 1012 iivebatque
480 926 591 994 anima
613 925 773 992 deteriore
795 925 875 992 fera.

207 1013 284 1082 Non
307 1016 512 1099 seneitnpuer
535 1035 606 1081 esse
630 1013 738 1098 dolos,
760 1013 825 1080 nisi
849 1013 945 1080 dente
967 1016 1115 1098 recepto,

199 1141 201 1145 ·
251 1101 338 1169 Dum
361 1103 456 1190 perit.
493 1102 683 1188 olorinus,
705 1101 791 1169 falsa
814 1101 901 1190 quod
923 1121 1000 1168 ursa
1022 1099 1098 1166 suit!
1135 1103 1137 1106 ’

633 1297 705 1365 XX.

207 1403 296 1489 Dic,
305 1378 414 1490 Musa,
438 1405 515 1490 quid
538 1409 616 1492 egat
601 1401 761 1470 tCenius
785 1425 876 1470 meus
900 1402 1018 1470 Rufus:

208 1491 369 1558 Utrumne
392 1456 515 1559 chartis
538 1494 639 1559 tradit
625 1493 719 1558 tille
742 1492 876 1558 victuris

208 1581 361 1670 Legenda
383 1585 472 1669 temp
474 1604 567 1648 orum
590 1586 663 1648 acta
628 1579 963 1648 tClaudianorum?
1067 1628 1072 1637 -
1098 1589 1101 1594 '

208 1671 262 1737 An
285 1692 366 1755 quae
389 1607 515 1738 Neroni
537 1670 640 1736 falsus
663 1669 783 1736 estruit
806 1669 967 1756 scriptor?
1115 1671 1123 1684 '

182 1763 262 1825 oAn
285 1760 468 1825 aemulatur
490 1759 663 1843 improbi
653 1779 742 1825 rocos
765 1758 927 1824 Phaedri?

145 1923 147 1928 ,
210 1847 364 1913 Lascivus
387 1848 490 1933 elegis
514 1869 556 1912 an
580 1869 709 1912 seuerus
733 1847 862 1912 herois?

208 1937 263 2002 An
284 1937 317 2002 in
342 1935 507 2002 cothurnis
531 1937 681 2002 horridus
705 1934 919 2020 Sophocleis?

208 2025 262 2092 An
285 2025 408 2091 otiosus
431 2025 466 2090 in
489 2024 602 2091 schola
624 2029 794 2110 poetarum

209 2113 333 2200 Lepore
356 2113 478 2179 tinctos
502 2114 615 2180 Attico
639 2115 723 2179 seles
746 2113 883 2179 narrat?

166 2221 198 2268 10
208 2201 296 2268 Hinc
319 2203 348 2267 si
370 2203 517 2286 recessit,
541 2204 700 2286 porticum
724 2203 803 2267 terit
825 2202 941 2288 templi

209 2293 262 2356 An
286 2293 394 2375 spatia
416 2291 522 2376 carpit
544 2291 652 2356 lentus
675 2290 964 2377 Argonautarum?

208 2381 263 2445 An
286 2379 442 2445 delicatae
465 2380 534 2446 sole
557 2401 669 2445 rursus
693 2379 845 2464 Europae

209 2468 334 2534 Intert
320 2472 467 2552 tepentes
490 2472 567 2554 post
590 2467 757 2533 meridiem
781 2469 883 2534 buxos

209 2554 306 2622 Sedet
329 2557 477 2622 ambulat
463 2563 517 2622 tve
541 2557 625 2623 liber
649 2557 777 2622 acribirs
802 2556 909 2623 curis?

168 2665 198 2711 lo
209 2645 275 2712 Tit
250 2650 320 2710 tine
341 2645 479 2710 thermis
504 2667 545 2710 an
568 2647 696 2712 lavatur
718 2645 771 2729 Ao
751 2647 885 2732 grippae

208 2736 261 2801 An
284 2733 427 2820 inpudici
451 2732 567 2799 balneo
591 2721 761 2819 Tigillini?

209 2825 263 2890 An
285 2845 359 2887 rure
382 2821 471 2887 Tulli
495 2823 576 2888 fruit
562 2828 616 2888 tur
639 2828 737 2908 atque
761 2805 980 2890 Luceni?

208 2913 263 2978 An
284 2909 445 2977 Pollionis
469 2910 561 2976 dulce
584 2912 684 2978 currit
670 2911 748 2976 tad
772 2918 867 2997 quart
854 2912 945 2977 tum?

208 3002 262 3066 An
286 3004 472 3066 aestuantes
496 3000 562 3066 iam
586 3001 750 3084 profectus
774 3001 815 3066 ad
837 2999 935 3066 Baias

165 3106 199 3169 ιο
209 3089 247 3154 Pi
272 3111 308 3154 er
330 3088 470 3154 Lucrino
493 3090 686 3154 nauculatur
710 3089 745 3154 in
769 3090 909 3175 stagno?

208 3229 226 3264 ‚,
258 3179 286 3244 is
311 3178 392 3244 scire
415 3177 494 3262 quid
517 3183 605 3264 egat.
618 3175 739 3243 Canius
763 3179 860 3244 tuus?
898 3175 1022 3244 Ridet.“

627 3371 716 3438 XXI.

210 3478 431 3566 Proscriptum
454 3479 598 3546 famulus
622 3480 764 3544 servavit
786 3478 894 3546 fronte
916 3481 1038 3545 notata.

245 3565 416 3632 .Non.fuit
439 3567 519 3634 haec
542 3567 666 3634 domini
689 3568 771 3652 vita,
794 3568 851 3633 sed
874 3569 1003 3634 invidia.
