2610 4048
177 167 223 234 56
508 165 546 224 M.
564 165 645 224 VAL.
664 163 861 222 meletos
984 209 988 216 .

221 329 377 398 Protinus
400 333 458 398 aut
480 329 583 397 Marsi
605 329 723 396 recitas
748 332 806 394 sut
828 327 952 413 scripta
974 325 1106 395 Catulli

265 417 340 486 Hoc
362 418 444 486 mihi
468 419 539 504 dus,
562 422 720 503 tanquam
743 417 906 484 deteriora
929 417 1034 504 legas,

195 505 270 576 eUt
292 511 422 574 conlata
445 507 551 594 magis
575 507 724 591 placeant
747 505 842 572 mea?
878 504 1047 574 (lredimus
1072 504 1180 571 istud:

267 595 357 664 Malo
380 600 491 662 lamen
513 595 644 680 recites,
668 593 865 680 Caeciliana,
886 597 954 661 tus.

620 705 774 794 uxxnj'

222 823 386 892 Hesterna
408 823 533 892 factum
554 829 722 910 narratur,
744 823 914 903 Postume,
937 845 1017 890 cena

268 913 361 992 Quod
382 914 505 980 nollem
523 949 567 961 -
586 914 658 1000 quis
677 913 766 979 enim
788 913 870 980 talia
887 912 974 980 facta
991 911 1136 999 probet?
1160 949 1198 960 -

222 999 267 1070 Or
290 1002 352 1068 tibi
374 1002 535 1088 percisum
560 1007 683 1088 quanto
706 1023 772 1068 nun
795 1001 866 1088 ipse
889 999 1026 1066 Latinus

266 1088 357 1157 Vilia
378 1089 548 1156 Panniculi
571 1091 713 1176 percutit
736 1112 794 1156 ora
816 1111 912 1156 sono:
1066 1087 1068 1092 ’

157 1222 170 1232 .
196 1175 379 1266 oQuodque
402 1179 508 1267 magis
528 1178 647 1244 mirum
666 1183 729 1264 est,
748 1183 913 1246 auctorem
933 1177 1077 1244 criminis
1095 1177 1200 1244 huius

141 1235 168 1320 s
268 1264 446 1334 Caecilium
469 1272 542 1334 tota
564 1289 675 1334 rumor
696 1269 731 1333 in
754 1267 835 1333 urbe
859 1271 962 1334 sonat
1010 1347 1012 1354 y

139 1387 149 1429 ·,
223 1353 307 1420 Esse
327 1377 430 1444 negas
453 1357 590 1422 factum:
614 1357 663 1422 vis
686 1355 749 1423 hoc
772 1377 823 1422 me
846 1355 998 1422 credere?
1022 1353 1131 1422 credo.

268 1441 366 1524 Quid,
389 1443 477 1532 quod
499 1443 601 1510 habet
622 1447 739 1530 testes,
761 1443 932 1529 Postume,
955 1440 1145 1510 Caecilius?
1278 1454 1280 1544 ζ

223 1689 309 1770 Quid
331 1691 432 1759 faciat
454 1693 527 1759 vult
548 1584 765 1776 scirdiiiilridi
788 1691 875 1777 quod
898 1691 1023 1758 sobria:
1046 1690 1151 1757 fellat

614 1831 760 1900 LXXIV.

224 1935 375 2006 Cinctum
397 1939 521 2026 togatis
544 1943 622 2026 post
644 1943 677 2005 et
699 1943 776 2004 ante
799 1937 979 2026 Saufeium,

223 2025 354 2104 Quanta
376 2027 485 2094 reduci
508 2028 654 2114 Regulus
679 2027 763 2094 solet
785 2029 898 2113 turba,

108 2131 113 2137 ·
222 2115 276 2180 Ad
299 2117 367 2181 slta
389 2122 522 2182 tonsum
544 2116 667 2200 templa
690 2137 764 2182 cum
786 2138 878 2182 reum
901 2116 1006 2202 misit,

222 2202 383 2283 Materne,
407 2205 534 2271 cernis?
557 2204 701 2270 inridere
724 2205 839 2272 nolito.

196 2290 407 2361 edomitans
429 2293 492 2359 iste
516 2295 560 2359 sit
582 2313 697 2378 precor
719 2297 796 2358 tuus
819 2315 996 2378 nunquam.

222 2379 292 2446 Hos
315 2381 366 2446 illi
390 2381 512 2447 amicos
536 2386 570 2447 et
592 2401 708 2468 greges
731 2384 922 2468 togatorum

222 2467 427 2536 Fuficulenus
450 2475 598 2556 praestat
621 2474 655 2535 et
677 2469 884 2536 Faventinus.

622 2609 753 2680 LXXV.

223 2715 370 2783 Verbera
393 2717 498 2782 securi
521 2717 637 2783 solitus
660 2719 712 2784 leo
735 2717 820 2784 ferre
844 2719 994 2806 magistri

266 2805 492 2891 Insertamque
514 2807 585 2890 peti
608 2807 746 2872 blandus
770 2809 805 2872 in
828 2830 886 2874 ora
909 2829 1040 2874 manum

221 2891 385 2960 Dedidicit
407 2917 521 2981 pacem
546 2895 655 2961 subito
678 2895 810 2961 feritate
833 2917 979 2982 reversa,

140 3057 143 3064 ¹
267 2981 396 3060 Quanta
417 3005 477 3050 nec
499 2983 534 3048 in
556 2982 688 3068 Libycis
712 2983 824 3049 debuit
848 3006 918 3050 esse
941 2984 1035 3070 iugis.

194 3069 307 3138 oNam
332 3071 396 3138 duo
420 3072 458 3138 dc
482 3077 595 3137 tenera
617 3071 756 3158 puerilia
779 3095 918 3159 corpora
939 3074 1049 3157 turba,

266 3156 486 3248 Sanguineam
510 3161 626 3226 rastris
651 3183 733 3246 quae
756 3162 935 3227 renovabat
958 3162 1106 3246 humum,

222 3244 344 3314 Saevus
368 3255 401 3315 et
424 3249 537 3316 infelix
560 3249 670 3314 furiali
695 3249 790 3314 dente
813 3251 965 3336 peremit:

265 3334 388 3401 Martia
409 3359 477 3403 uon
499 3337 581 3402 vidit
604 3339 709 3402 maius
732 3339 855 3402 harena
877 3339 979 3405 nefas.

219 3421 417 3489 Exclamare
439 3425 535 3489 libet:
558 3425 729 3510 ,‚crudelis,
752 3425 887 3510 perfide,
909 3425 1044 3512 praedo,

178 3523 211 3572 ιο
264 3508 296 3574 Α
318 3515 434 3577 nostra
456 3511 566 3596 pueris
589 3534 721 3596 parcere
746 3513 831 3578 disce
855 3513 965 3600 lupal“
