2596 4034
379 233 680 292 EPIGRAMMATON
698 235 765 294 LIB.
784 235 818 293 X.
1044 237 1108 304 249

132 393 291 460 Promisit
313 398 438 481 pariter
462 421 497 464 se
519 397 647 485 Phyllis
671 399 802 485 utrique
825 400 990 488 daturam,

177 482 223 549 ut
245 484 356 551 dediti
370 486 427 552 ille
450 488 566 575 pedem
591 490 737 575 sustulit,
761 489 815 556 hic
837 491 1013 606 tunicam!

516 621 681 688 LXXXII.

133 703 168 771 si
192 707 269 792 quid
291 713 407 776 nostra
429 709 496 778 tuis
520 711 620 778 adicit
643 712 772 779 vexatio
796 712 906 800 rebus,
931 671 946 746 Δ)

176 794 274 863 blane
297 794 350 864 ‘vel
375 823 394 864 a
417 801 524 866 media
546 805 642 867 nocte
665 805 800 888 togatus
824 825 880 869 ero

2 925 3 928 =
132 882 379 974 Stridentesque
403 889 507 956 feram
529 885 627 955 flatus
651 891 813 975 aquilonis
836 891 941 978 iniqui

177 975 221 1040 nt
243 977 350 1061 patiar
372 977 503 1044 nimbos
528 979 750 1064 excipiamque
773 979 874 1046 nives.

106 1059 199 1128 ssed
222 1066 251 1129 si
274 1087 342 1132 non
363 1067 424 1132 fias
448 1068 628 1154 quadrante
651 1067 780 1135 beatior
802 1091 867 1136 uno

177 1151 240 1218 Per
264 1155 406 1242 gemitus
429 1161 560 1222 nostros
583 1158 807 1243 ingenuasque
830 1179 954 1244 cruces,
1100 1241 1102 1250 .

128 1237 248 1327 Parce,
271 1267 398 1329 precor,
421 1245 508 1311 fesso
531 1268 699 1331 vanosque
723 1245 854 1312 remitte
877 1246 1019 1335 laboreS,

163 1329 241 1407 ‘Qui
263 1333 326 1398 tibi
348 1357 416 1400 non
439 1337 577 1424 prosunt
601 1341 634 1400 et
656 1335 752 1421 mihi,
775 1335 884 1423 Galle,
906 1341 1034 1404 nocent.
1157 1395 1159 1399 ,

507 1465 687 1533 LXXXIII.

131 1553 238 1620 Raros
262 1554 392 1640 colligis
415 1555 491 1622 hinc
515 1560 548 1620 et
569 1556 654 1622 hinc.
668 1557 805 1646 capillos
909 1589 911 1595 ·

131 1643 178 1708 Et
200 1643 305 1708 latum
328 1645 466 1727 nitidae,
489 1644 627 1730 Marino,
650 1647 759 1712 calvae

131 1732 292 1818 Campum
315 1734 518 1818 temporibus
541 1735 627 1818 tegis
650 1735 812 1820 comatisq
943 1743 946 1750 ’

131 1819 194 1886 Sed
218 1823 301 1888 moti
323 1822 460 1888 redeunt
482 1822 614 1888 iubente
637 1829 735 1890 vento

103 1909 384 1995 nlteddunturque
408 1911 471 1976 sibi
494 1915 656 1998 caputque
678 1913 800 1979 nudum

131 1997 234 2064 Cirris
258 2001 437 2085 grandibus
460 2000 538 2066 hinc
561 2001 690 2066 atinde
713 2002 861 2090 cingunt:

72 2146 74 2151 .
130 2088 221 2154 luter
245 2087 515 2174 Spendophorum
539 2089 839 2178 Telesphorumque
992 2152 1022 2156 .,

122 2155 240 2262 'Cydae
263 2182 352 2242 stare
375 2179 509 2262 putabis
531 2177 768 2246 Hermerotem.
846 2227 858 2258 4

131 2266 217 2341 Quin
240 2271 277 2331 tu
300 2267 481 2351 simplicius
505 2288 615 2332 senem
637 2267 766 2355 fateris,

85 2369 119 2417 10
129 2353 177 2421 Ut
199 2355 332 2420 tandem
355 2355 494 2422 videaris
517 2378 601 2421 unus
617 2358 718 2442 esse?
749 2439 750 2442 Ἴ

130 2443 232 2510 Calvo
256 2444 385 2530 turpius
409 2449 459 2510 est
481 2444 564 2509 nihil
587 2450 728 2512 comato.

504 2575 683 2644 LXXXIV.
708 2614 712 2622 ·
883 2629 885 2632 -
915 2656 917 2660 y

128 2665 276 2750 Miraris,
299 2687 399 2750 quare
423 2665 600 2734 dormitum
622 2689 689 2732 uon
712 2671 765 2732 eat
787 2667 892 2736 Afer?

172 2755 356 2821 Accumbat
379 2777 452 2821 cum
476 2779 554 2842 qua,
577 2754 782 2842 Caediciane,
805 2756 905 2825 vides.

394 2945 398 2952 .
512 2887 672 2956 LXXXV.

126 2974 198 3044 Iam
222 2975 331 3044 senior
353 2976 467 3043 Ladon
491 2977 664 3044 Tiberinae
687 2982 789 3044 nauta
812 2980 942 3049 carinae

171 3065 325 3132 Proxima
348 3067 476 3133 dilectis
499 3089 577 3133 rura
599 3068 729 3152 paravit
752 3069 854 3154 aquis.

127 3153 217 3232 Quae
239 3177 313 3220 cum
337 3179 434 3242 saepe
453 3179 558 3244 vagus
577 3162 739 3244 premeret
757 3159 959 3228 torrentibus
983 3161 1078 3228 undis

171 3243 314 3327 Thybris
339 3249 372 3310 et
386 3245 534 3310 hiberno
557 3249 722 3332 rumperet
745 3268 824 3311 arva
846 3249 932 3331 lacu,

2 3363 3 3372 ¹
97 3332 308 3398 5Emeritam
331 3335 483 3421 puppim,
506 3336 579 3421 ripa
602 3358 685 3420 quae
709 3335 820 3400 stabat
841 3335 876 3402 in
900 3338 982 3423 alta,

1 3610 13 3678 l

168 3421 325 3507 Implevit
349 3424 436 3490 saxis
461 3426 677 3510 opposuitque
701 3424 802 3490 vadis.

124 3507 178 3578 Sic
201 3511 321 3577 nimias
345 3513 470 3580 avertit.
490 3535 602 3600 aquae.
639 3514 719 3591 Quis
744 3513 874 3579 credere
896 3514 1055 3601 possetl·

168 3601 338 3668 Auxilium
363 3603 495 3670 domino
518 3625 626 3670 mersa
650 3604 762 3671 carina
784 3603 870 3669 tulit.
