2596 4032
181 167 187 178 ⁸
282 275 284 280 ,
393 214 692 274 ncranrnnnrou
711 215 779 274 mn.
799 217 871 278 nv.
1076 221 1139 288 327

459 379 543 446 LIV.
567 379 807 466 Crepitacillum.

168 483 301 572 Siquis
325 485 475 570 plorator
498 487 582 554 collo
606 488 669 554 libi
693 489 828 555 vernula
850 487 981 575 pendet,

211 572 303 640 Haec
326 576 455 661 quatiat
478 581 591 642 tenera
614 578 749 666 garrula
772 579 872 644 sistra
895 599 1002 645 maun

493 716 561 786 LV.
583 717 771 805 Flaqeilnnr.

167 821 323 888 Proficies
346 821 430 890 nihil
452 823 528 910 hoc,
552 825 667 892 caedas
691 827 769 894 licat
790 847 906 913 usquc,
928 825 1073 914 flagello,

213 909 249 977 Si
272 912 335 978 tibi
357 935 520 1000 purpureo
545 913 584 980 da
608 936 709 1003 grege
732 917 833 984 currit
856 939 966 1002 aquus.
1108 928 1111 934 '

462 1054 546 1121 LVI.
570 1055 806 1138 Dentifricium

168 1157 254 1234 Quid
277 1183 402 1228 mecum
425 1165 476 1228 est
500 1163 582 1229 tibi?
619 1163 672 1230 Ma
695 1163 804 1250 puella
826 1167 948 1234 sumat:

168 1248 309 1335 Emptos
332 1272 399 1317 non
423 1251 511 1317 soleo
534 1252 640 1338 polire
664 1252 786 1320 dentes.

445 1391 546 1459 LVII.
570 1393 825 1478 Myrobalanum.

168 1496 263 1574 Quod
285 1520 345 1566 nec
366 1497 534 1588 Vergilius
557 1523 617 1568 neo
639 1501 783 1567 carmine
806 1500 885 1566 dicit
907 1498 1083 1584 Homerus,

213 1585 285 1654 Hoc
309 1610 348 1654 ex
370 1593 537 1676 unguenta
560 1594 691 1656 constal
715 1594 748 1656 st
770 1611 809 1656 ex
831 1589 960 1656 balano.

412 1800 416 1806 ,
516 1731 755 1815 Aphronitrum.

169 1835 323 1904 Rusticus
347 1835 404 1902 cs?
426 1837 553 1921 noscis,¹
568 1837 646 1924 quid
670 1835 795 1906 Gracco
818 1837 947 1904 nomine
971 1837 1073 1904 dicar:

188 1924 189 1930 ’
215 1923 338 2010 Spuma
361 1947 459 1992 vocor
481 1925 569 1990 nitri.
606 1925 749 1992 Graecus
774 1927 830 1993 es?
854 1927 1088 2014 aphronitrum.
1167 1975 1168 1979 ,

473 2065 557 2133 LIX.
581 2065 819 2158 Opobalsama..

171 2172 325 2240 Balsama
347 2195 399 2240 me
422 2173 569 2258 capiunt,
591 2171 672 2238 haec
696 2177 772 2238 suni
795 2173 960 2260 unguenta
982 2172 1139 2240 virorum:

213 2261 355 2328 Delicias
379 2260 491 2330 Cosmi
514 2283 572 2328 vos
594 2261 758 2345 redolstep
773 2283 882 2328 nurus.

422 2417 424 2420 ’
539 2403 731 2469 Lomentum.
838 2389 844 2396 ’

119 2535 121 2540 ·
169 2501 309 2567 Gratum
333 2522 449 2567 munus
473 2501 538 2566 erit
560 2499 660 2566 scisso
683 2521 742 2566 nac
765 2497 883 2566 inutile
906 2501 1025 2582 ventri,

214 2589 251 2656 si
273 2591 363 2657 clara
387 2587 547 2674 Stephani
569 2588 688 2655 balnea
710 2587 781 2654 luca
804 2592 904 2672 pelas.

429 2728 512 2796 LXI.
535 2729 698 2795 Lanterna
719 2747 838 2795 cornoa.

171 2830 244 2897 Dux
266 2831 418 2898 lanterna
441 2827 513 2894 vias
537 2826 636 2894 clusis
658 2826 747 2892 feror
769 2847 866 2892 aurea
888 2823 1041 2912 flammis,
1117 2901 1119 2906 ,

212 2919 259 2986 nt
281 2922 355 2986 luia
378 2921 429 2984 cst
452 2917 576 3004 gremio
598 2936 701 3002 parra
723 2914 856 2980 lucerna
878 2936 959 2982 meo.

458 3059 620 3126 Lanterna
641 3057 679 3122 clo
699 3057 807 3124 vesica.

168 3157 296 3225 Cornea
319 3158 349 3224 si
371 3180 437 3224 non
461 3179 546 3238 sum,
569 3153 728 3239 numquid
750 3175 823 3220 sum
845 3152 989 3220 fuscior?
1012 3157 1069 3220 aui
1088 3174 1138 3223 ma

55 3259 59 3266 '
197 3246 379 3350 ⁸Vesicam,
400 3249 517 3313 contra
540 3245 595 3330 qui
619 3243 722 3329 venii,
745 3264 815 3308 essa
837 3242 954 3328 putat?

360 3385 477 3455 LXIII.
502 3385 630 3475 (LXIV.
654 3383 766 3472 Sem.)
791 3385 905 3450 Troiae.

167 3487 271 3554 Ebria
293 3507 354 3554 nos
379 3485 518 3552 madidis
542 3484 664 3572 rumpit
686 3483 822 3550 tibicina
844 3482 966 3549 buccis:

66 3586 72 3598 ‘
211 3574 317 3663 Saepe
341 3573 421 3642 duas
445 3575 582 3661 pariter,
605 3595 703 3661 saepo
726 3572 904 3640 monaulon
925 3571 1034 3638 habeb.
