2528 4038
942 53 963 102 l

26 213 29 262 ρ
228 253 230 258 ,
343 191 641 250 acroniumrson
661 191 730 250 are.
750 191 784 250 v.
1007 193 1072 259 115

26 271 27 322 ,
963 275 970 290 .

111 354 203 422 Differ
226 379 322 444 opus,
344 379 405 424 nec
427 361 460 423 te
484 355 614 424 facundi
638 378 756 424 scaena
779 353 903 423 Catulli

25 460 26 476 ³
149 444 311 532 Detineat,
334 445 433 514 cultis
457 451 515 512 aut
538 446 644 535 elegia
667 446 783 532 comis3

25 537 26 542 ’
90 529 258 622 stodlege
281 537 410 602 fumoso
433 557 500 602 non
524 536 728 622 aspamande
751 534 922 602 Decembri

149 622 311 709 Carmina,
335 626 512 690 mittuntur
535 647 618 710 quae
641 625 703 690 tibi
727 645 838 690 mensa
862 645 934 701 suo:

111 709 311 780 Commodius
333 713 399 780 nisi
421 714 508 780 forte
530 714 591 780 tibi
614 715 793 799 potiusque·
811 713 952 798 videtur,

149 799 379 870 Saturnalicias
403 803 552 889 perdere,
575 801 696 888 Varro,
719 823 827 869 nuces.
884 855 888 862 .

23 969 25 1008 l
495 979 625 1046 XXXI.

109 1083 233 1171 Aspice,
257 1109 355 1173 quam
379 1087 518 1172 placidis
541 1087 679 1153 insultat
701 1087 800 1153 turbe
822 1086 967 1153 iuvencis

22 1175 24 1232 ἶ
147 1175 191 1240 Et
212 1197 274 1242 sua
297 1199 395 1262 quam
418 1176 524 1242 facilis
549 1177 692 1260 pondera
714 1181 829 1242 taurum
852 1181 949 1242 amet

110 1259 262 1332 Comibus
285 1265 339 1332 hic
361 1264 482 1352 pendet
505 1265 654 1344 summis,
678 1287 783 1354 vagus
806 1265 861 1330 ille
883 1286 943 1352 per
966 1285 1073 1330 armos

149 1351 257 1421 Currit
280 1359 314 1420 et
336 1353 372 1420 in
395 1357 466 1420 toto
490 1355 629 1420 ventilat
652 1377 745 1420 arma
767 1353 861 1420 bove.

21 1507 22 1510 ,
88 1439 151 1504 5At
170 1441 284 1509 feritas
307 1443 445 1508 immota
468 1443 567 1530 riget:
591 1465 659 1508 uon
682 1446 768 1508 esset
790 1442 915 1508 harenc

148 1530 275 1615 Tutior,
298 1537 331 1598 et
353 1535 509 1619 poterant
530 1531 644 1598 fallare
667 1532 768 1616 plana
790 1530 905 1618 magis.

109 1616 172 1685 Nec
194 1621 361 1708 trepidant
383 1625 510 1707 gestus,
533 1621 589 1686 sed
613 1619 652 1686 de
675 1620 862 1688 discrimine
884 1619 1014 1707 palmae

19 1785 21 1800 μ
149 1706 287 1776 Securus
309 1732 389 1796 puer
413 1713 477 1795 cst,
501 1709 742 1796 sollicitumque
765 1731 873 1795 pecus.

19 1831 20 1846 ἶ
113 1890 123 1941 ι
499 1885 633 1952 muxn.

18 1989 20 2064 l
110 1988 324 2066 Quadrantem
347 1979 483 2080 Crispus
506 1993 642 2078 tabulis,
665 1990 836 2076 Faustino,
859 1993 1020 2079 supremis

88 2129 92 2157 ,
134 2079 223 2148 ‚Non
246 2081 336 2147 dedit
357 2081 460 2148 uxori.
496 2081 576 2167 „Cui
600 2081 688 2148 dedit
712 2083 832 2168 ergo?“
869 2080 950 2168 Sibi,

18 2249 22 2334 l
491 2257 643 2324 xxmn.

18 2353 19 2368 ¹
109 2359 244 2447 Carpere
268 2363 449 2431 causidicus
471 2364 577 2431 fertur
599 2387 672 2431 mea
695 2366 852 2432 carmina:
876 2365 949 2453 quis
973 2366 1028 2446 sis,

18 2473 20 2494 ¹
150 2451 284 2520 Nescio:
308 2454 337 2520 si
360 2454 478 2538 sciero,
502 2475 560 2520 vae
584 2453 661 2538 tibi,
682 2455 853 2521 causidice.

462 2669 464 2673 ·
493 2646 644 2715 XXXIV.

109 2751 198 2821 Hanc
214 2754 297 2840 tibi,
309 2752 433 2821 Fronto
452 2759 560 2842 pater,
579 2755 726 2841 genetrix
744 2753 914 2841 Flaccilla,
932 2755 1075 2842 puellam
1100 2751 1107 2834 l

151 2841 270 2910 Oscula
292 2843 483 2910 commendo
508 2843 705 2930 deliciasque
727 2866 831 2928 meas,
1105 2853 1134 2939 'p

109 2929 245 2998 Parvula
268 2954 308 2998 ne
331 2933 444 3017 nigras
468 2933 637 3000 horrescat
658 2931 798 2998 Erotion
820 2933 954 3000 umbras
1054 2987 1076 3000 ,
1115 2959 1136 3004 a

150 3019 278 3112 Oraque
301 3021 452 3087 Tartarei
475 3022 665 3110 prodigiosa
687 3021 787 3089 canis.

86 3107 273 3196 cInplcture
294 3109 359 3179 fuir
381 3115 492 3177 sextae
515 3112 612 3178 modo
635 3112 762 3199 frigora
784 3109 934 3196 brumae,

152 3199 295 3264 Vixisset
317 3199 455 3265 totidem
478 3201 511 3266 ni
536 3203 643 3268 minus
667 3202 727 3266 illa
749 3199 826 3264 dies.

108 3283 195 3354 Inter
217 3291 286 3353 tam
309 3291 436 3354 veteres
459 3290 552 3356 ludat
574 3291 697 3358 lasciva
720 3291 878 3373 patronos

149 3376 195 3444 Et
217 3398 337 3442 nomen
359 3377 472 3466 blaeso
497 3379 621 3466 garriat
644 3401 699 3446 ore
722 3399 841 3444 meum.

108 3462 218 3532 Mollia
242 3487 308 3532 non
330 3465 456 3554 rigidus
480 3489 611 3554 caespes
635 3471 729 3556 tegat
752 3489 841 3552 ossa,
863 3487 923 3532 nec
945 3467 1008 3548 illi,
1104 3497 1110 3554 ‚²
1136 3493 1140 3510 ·

72 3565 99 3616 lc
149 3555 263 3642 Terra,
287 3556 398 3642 gravis
421 3557 537 3624 frueris:
559 3579 626 3624 non
649 3559 713 3623 fuit
735 3555 796 3622 illa
819 3554 890 3621 tibi.
1104 3561 1107 3568 '

879 3659 917 3716 εδ
