2596 4032
195 188 263 258 254
406 190 444 247 n
461 160 548 248 'vnn
566 187 901 246 unaneusnmoa
920 189 951 244 u.
970 188 1065 286 x..
1203 171 1208 176 ·
1275 204 1277 223 »

213 384 218 392 ·
242 351 440 437 Gaditanus,
462 352 575 436 Avila,
598 351 686 420 dical
708 351 812 432 istud,

163 511 164 515 ,
242 441 307 522 Qui
329 442 444 510 scribit
466 440 550 506 nihil
573 446 606 508 et
628 447 740 509 tamen
760 445 860 527 pocta
882 445 943 508 csb.

241 663 437 753 Municipes,
459 663 611 750 Augusta
633 663 715 730 mihi
738 684 820 748 quos
844 661 975 728 Bilbilis
1000 662 1067 748 acri

286 751 399 820 Monte
422 755 526 837 creat,
548 751 672 836 rapidis
696 773 793 838 quem
817 749 895 818 Salo
919 751 1023 838 cingit
1046 752 1153 838 aquis,
1278 780 1283 820 l

240 840 369 996 Ecppuid
391 843 478 907 laeba
499 841 592 907 iuvat
614 843 715 906 vestri
737 862 796 907 vos
821 840 928 927 gloria
950 839 1058 906 valis?
1280 913 1283 944 Ι

319 952 372 997 am
396 931 491 996 decus
516 933 549 995 ei
571 950 690 994 nomen
711 929 864 1015 famaque
887 932 999 995 vestra
1023 951 1147 1014 sumus,
1280 949 1283 1008 2

174 1040 177 1048 ·
204 1015 311 1085 ecNec
334 1041 393 1086 sua
415 1019 489 1104 plus
513 1017 609 1084 debeb
632 1018 722 1084 tenui
744 1017 877 1086 Verona
900 1015 1030 1085 Catullo

285 1105 403 1194 Meque
425 1108 507 1174 velib
530 1107 594 1173 dici
615 1129 684 1174 non
705 1106 813 1174 minus
837 1107 896 1173 illa
919 1128 1048 1176 auum..
1281 1162 1283 1188 a

242 1194 406 1274 Quattuor
429 1196 566 1264 accessit
588 1195 753 1262 tricesima
776 1197 938 1262 messibus
962 1199 1084 1282 aestas,

286 1283 333 1350 Ur
356 1285 426 1350 sine
449 1307 501 1350 mc
525 1283 633 1351 Cereri
656 1285 778 1351 rustica
800 1285 870 1352 liba
893 1285 993 1367 datis,
1280 1226 1284 1381 i

241 1371 371 1438 Moenia
394 1372 470 1438 dum
493 1373 630 1439 colimus
654 1372 803 1439 dominae
830 1373 1050 1458 pulcherrima
1074 1372 1215 1441 Romae:
1280 1392 1285 1459 f

199 1476 232 1527 ιο
285 1460 462 1527 Mutavere.
477 1484 566 1527 meaa
590 1461 676 1528 Itala
698 1484 800 1549 regna
823 1484 944 1528 comas.
1280 1467 1285 1529 l

240 1547 402 1634 Excipitis
424 1550 554 1636 placida
576 1551 725 1617 reducem
749 1551 778 1616 si
800 1555 922 1635 menie,
945 1550 1106 1635 venimus;

177 1717 179 1722 s
286 1636 415 1723 Aspera
437 1639 466 1704 si
489 1639 604 1724 geritis
628 1640 739 1723 corda,
762 1639 868 1706 redire
890 1639 979 1706 licei.

665 1769 749 1838 CIV.

240 1857 395 1926 Incsiro
418 1881 539 1939 comes,
562 1859 588 1944 i,
610 1859 735 1945 libelle,
758 1859 859 1927 Flavo

165 1976 167 1978 ·
240 1947 392 2036 Longum
414 1970 473 2034 per
495 1970 599 2033 mare,
622 1949 678 2014 sed
700 1948 842 2014 faventis
866 1949 985 2035 undae,

240 2037 288 2104 Ec
310 2060 406 2104 cursu
428 2036 519 2103 facili
541 2037 672 2123 tuisque
695 2038 802 2104 veniis
894 2107 900 2116 ,

240 2125 409 2213 Hispanae
432 2131 508 2211 pete
531 2125 725 2194 Tarraconis
749 2148 853 2194 arces:

214 2215 338 2282 clllinc
360 2219 394 2280 te
416 2218 491 2279 roba
513 2214 611 2280 tollet
634 2219 668 2280 ei
690 2217 810 2281 cibatus

241 2303 355 2370 Aliam
377 2301 515 2367 Bilbilin
539 2305 572 2367 el
596 2307 688 2368 buum
711 2302 864 2370 Salonem

242 2391 364 2471 Quinto
387 2391 530 2457 forsitan
553 2392 665 2456 essedo
688 2392 822 2458 videbis.

241 2479 325 2558 Quid
347 2479 499 2546 mandem
521 2479 596 2564 bibi,
620 2481 773 2566 quaeris?
800 2481 848 2547 Ul
871 2483 998 2548 sodales

240 2570 381 2653 Paucos,
404 2568 609 2635 seductores
634 2573 667 2633 ab
690 2575 766 2634 ante
790 2570 921 2636 brumas

199 2673 231 2723 ιο
241 2659 394 2746 Triginta
417 2656 498 2722 mihi
522 2661 739 2744 quattuorque
764 2657 851 2724 visos

240 2747 317 2832 Ipsa
338 2747 488 2833 protinus
512 2767 532 2810 a
554 2746 608 2810 uia
632 2747 754 2811 salutes

239 2835 459 2902 mnostrum
483 2835 657 2900 admoneas
681 2835 818 2901 subinde
840 2835 992 2921 Flauum,

240 2925 402 2991 Iucundos
426 2923 506 2988 mihi
529 2945 588 2990 nee
611 2924 793 2989 laboriosos

241 3011 392 3080 Secessus
416 3012 523 3097 pretio
546 3016 642 3097 paret
665 3013 804 3097 salubri,

197 3116 230 3168 rb
240 3100 303 3178 Qui
326 3101 458 3188 pigrum
480 3101 604 3167 faciani
626 3105 721 3167 buum
744 3107 923 3188 parentem.

239 3189 331 3256 Haec
354 3193 440 3256 suni.
475 3188 547 3255 Iam
570 3190 715 3256 tumidus
738 3197 834 3257 vocat
858 3191 1014 3278 magister

241 3277 457 3364 Casligatque
481 3301 603 3359 moras,
627 3283 660 3345 ei
683 3301 764 3346 aura
787 3285 919 3365 ponium

239 3367 378 3433 Laxavit
400 3367 528 3434 melior:
554 3370 637 3452 vale,
660 3369 786 3434 libelle:

239 3455 380 3542 Navem,
403 3457 468 3526 scis
491 3461 587 3544 puio,
610 3481 677 3524 non
699 3461 849 3525 moratur
871 3479 964 3525 unus.
