2596 4034
154 249 220 332 230
383 199 384 202 Ὺ
482 217 873 302 n.vuu.unar1mrs'
964 222 966 226 ’

199 410 373 498 Strataque
396 431 462 477 non
485 432 566 474 unas
591 410 726 496 cingant
748 407 892 473 triclinia
914 405 1014 472 Baias
1078 423 1079 426 ’

243 501 289 566 llt
311 499 425 564 Thetis
448 502 616 586 unguento
640 497 765 582 palleat
788 499 889 562 uncta
912 501 984 580 tuo,
1017 555 1018 558 ,

172 587 346 656 oCandida
369 585 473 652 Setini
495 591 651 674 rumpant
673 586 830 671 crystalla
853 586 1007 670 trientes,

244 675 394 743 Dormiat
416 676 451 740 in
474 677 585 762 pluma
607 698 666 762 nec
690 675 825 740 meliore
848 673 976 739 Venus:

199 766 252 832 Ad
273 769 434 831 nocturna
457 764 543 830 iaces
566 765 709 830 fastosae
733 763 849 828 limina
872 763 1042 846 moechae,
1086 780 1088 785 ·

243 854 289 920 Et
312 853 435 936 madet,
457 853 536 940 heu,
558 853 701 919 lacrimis
726 853 824 917 ianua
848 852 946 917 surda
969 852 1050 936 tuis,

198 941 301 1010 Urere
323 965 383 1008 neo
406 941 561 1007 miserum
586 945 715 1008 cessant
739 941 882 1027 suspiria
905 945 1028 1025 pectus.

114 1067 118 1070 ·
157 1049 189 1099 ιο
241 1031 302 1098 Vis
326 1031 445 1118 dicam,
467 1031 552 1096 male
576 1031 620 1096 sit
643 1053 700 1097 cur
722 1031 799 1116 tibi,
823 1028 944 1096 Cotta?
967 1030 1049 1095 bene
1073 1031 1132 1095 est.

619 1180 707 1247 XIV.

89 1353 91 1362 Ι
199 1277 321 1345 Cedere
344 1279 383 1344 de
406 1279 529 1344 nostris
552 1279 634 1344 nulli
657 1283 690 1344 te
715 1279 795 1344 dicis
820 1278 944 1343 amicis.
1286 1325 1291 1334 .

244 1365 319 1452 Sed,
342 1369 387 1432 sit
409 1371 446 1432 ut
469 1367 531 1434 hoc
550 1391 675 1450 verum,
694 1367 784 1452 quid,
803 1389 900 1454 rogo,
919 1364 1047 1452 Crispe,
1066 1366 1173 1432 iacis?
1285 1402 1291 1410 .

198 1453 313 1522 Mutua
336 1478 408 1522 cunr
430 1461 573 1542 peterem
598 1455 749 1522 sestertia
773 1457 929 1541 quinque,
951 1455 1096 1540 negasti,

187 1597 190 1600 .
243 1543 321 1610 Non
343 1549 472 1630 caperet
487 1567 644 1624 nummos
668 1567 741 1610 cum
766 1545 875 1630 gravis
900 1567 975 1609 arca
999 1550 1084 1610 tuos.

173 1632 336 1710 tQuando
360 1633 455 1698 fabae
477 1633 623 1699 modium
644 1633 740 1699 nobis
764 1635 903 1699 farrisve
927 1633 1058 1718 dedisti,

244 1719 326 1788 Cum
349 1726 405 1787 tua
428 1721 576 1788 Niliacus
599 1746 676 1788 rura
700 1723 834 1788 colonus
859 1722 951 1786 aret?
1285 1783 1291 1793 ,

200 1809 335 1888 Quando
345 1811 453 1876 brevis
463 1811 589 1893 gelidae
601 1812 757 1876 missaest
768 1811 1172 1896 togatemporebrumae?
1289 1865 1293 1870 ,

243 1900 382 1986 Argenti
405 1901 493 1964 venit
517 1901 646 1986 quando
671 1900 792 1966 selibra
816 1900 920 1964 mihi?
1212 1908 1215 1911 ’

199 1987 257 2054 Nil
281 1989 370 2054 aliud
393 1989 498 2072 rideo,
522 2011 586 2074 quo
609 1994 642 2055 te
666 1989 834 2056 credamus
859 1989 1012 2072 amicum,

156 2094 189 2143 ιο
244 2077 349 2155 Quam
373 2078 457 2164 quod
480 2099 531 2143 me
555 2101 663 2144 coram
686 2078 816 2164 pedere,
840 2075 970 2163 Crispe,
994 2079 1088 2144 solea

626 2217 696 2285 XV.
734 2231 741 2237 ’

198 2315 339 2383 Dotatae
362 2317 455 2381 uxori
478 2338 533 2381 cor
556 2315 738 2382 harundine
762 2316 834 2380 fixit
858 2321 967 2400 acuta,

243 2403 306 2472 Sed
328 2406 403 2470 dum
427 2403 510 2470 ludit
532 2406 636 2491 Aper:
659 2405 769 2470 ludere
793 2405 886 2470 novit
910 2406 1008 2492 Aper.
1076 2467 1083 2473 ,

616 2553 704 2621 XVI.

198 2651 232 2720 Si
256 2654 376 2720 donare
399 2673 494 2717 vocas
518 2653 710 2735 promittere
733 2674 792 2717 nec
816 2653 907 2737 dare,
930 2652 1007 2737 Gai,
1055 2725 1058 2732 ,

240 2741 378 2808 Vincam
401 2746 434 2806 te
457 2740 550 2806 donis
574 2742 826 2826 muneribusque
850 2743 939 2807 meis.

196 2832 316 2915 Accipe
340 2827 493 2896 Callaicis
517 2830 672 2914 quidquid
694 2830 778 2895 fodit
801 2830 905 2894 Astur
927 2833 962 2895 in
985 2831 1087 2916 arvis,

241 2920 351 2986 Aurea
375 2919 530 3004 quidquid
553 2919 654 2985 habet
678 2919 789 2984 divitis
813 2918 900 2984 unda
922 2919 1019 3006 Tagi,

171 3009 359 3092 oQuidquid
382 3009 569 3091 Erythraea
592 3010 685 3094 niger
707 3007 833 3073 invenit
855 3007 954 3072 Indus
979 3010 1013 3072 in
1037 3009 1128 3095 alga,

115 3146 120 3156 .
242 3097 404 3182 Quidquid
428 3100 460 3162 et
483 3097 516 3160 in
538 3096 624 3161 nidis
648 3099 744 3163 unica
768 3105 876 3162 servat
900 3097 984 3180 avis,

197 3186 360 3271 Quidquid
383 3186 555 3271 Agenoreo
578 3185 681 3270 Tyros
705 3186 855 3271 improba
877 3187 969 3272 cogit
993 3185 1113 3251 aheno:

241 3274 403 3361 Quidquid
426 3275 549 3339 habent
572 3296 698 3354 omnes,
722 3275 844 3360 accipe,
868 3275 1031 3360 quomodo
1055 3275 1123 3340 das.

477 3465 479 3470 .
604 3415 711 3482 XVII.

196 3511 411 3578 Saturnalicio
435 3511 582 3578 Macrum
600 3511 756 3579 ‘fraudare
779 3515 903 3580 tributo

239 3600 388 3686 Frustra,
410 3600 518 3687 Musa,
542 3603 646 3688 cupis:
670 3603 850 3670 nonlicet:
874 3605 944 3690 ipse
967 3605 1065 3690 petit;
