<?xml version="1.0" encoding="UTF-8"?>
<!DOCTYPE html PUBLIC "-//W3C//DTD XHTML 1.0 Transitional//EN"
    "http://www.w3.org/TR/xhtml1/DTD/xhtml1-transitional.dtd">
<html xmlns="http://www.w3.org/1999/xhtml" xml:lang="en" lang="en">
 <head>
  <title>
</title>
<meta http-equiv="Content-Type" content="text/html;charset=utf-8" />
  <meta name='ocr-system' content='tesseract 3.04.00' />
  <meta name='ocr-capabilities' content='ocr_page ocr_carea ocr_par ocr_line ocrx_word'/>
</head>
<body>
  <div class='ocr_page' id='page_1' title='image "./epigrammatonlib03martgoog_0166.png"; bbox 0 0 2528 4038; ppageno 0'>
   <div class='ocr_carea' id='block_1_1' title="bbox 352 181 1088 280">
    <p class='ocr_par' dir='ltr' id='par_1_1' title="bbox 352 181 1088 280">
     <span class='ocr_line' id='line_1_1' title="bbox 352 181 1088 280; baseline 0.016 -12"><span class='ocrx_word' id='word_1_1' title='bbox 352 211 654 270; x_wconf 76' lang='lat' dir='ltr'><strong>urroaanuarou</strong></span> <span class='ocrx_word' id='word_1_2' title='bbox 671 211 739 269; x_wconf 79' lang='lat' dir='ltr'><strong>na.</strong></span> <span class='ocrx_word' id='word_1_3' title='bbox 758 211 792 270; x_wconf 83' lang='lat' dir='ltr'><strong>v.</strong></span> <span class='ocrx_word' id='word_1_4' title='bbox 931 181 934 190; x_wconf 67' lang='grc'>’</span> <span class='ocrx_word' id='word_1_5' title='bbox 1024 212 1088 280; x_wconf 83' lang='lat'><strong>125</strong></span> 
     </span>
    </p>
   </div>
   <div class='ocr_carea' id='block_1_2' title="bbox 18 297 20 348">
    <p class='ocr_par' dir='ltr' id='par_1_2' title="bbox 18 297 20 348">
     <span class='ocr_line' id='line_1_2' title="bbox 18 297 20 348; baseline 0 0"><span class='ocrx_word' id='word_1_6' title='bbox 18 297 20 348; x_wconf 84' lang='lat' dir='ltr'><strong>l</strong></span> 
     </span>
    </p>
   </div>
   <div class='ocr_carea' id='block_1_3' title="bbox 12 375 826 544">
    <p class='ocr_par' dir='ltr' id='par_1_3' title="bbox 12 353 826 544">
     <span class='ocr_line' id='line_1_3' title="bbox 14 375 826 464; baseline 0.007 -24.993"><span class='ocrx_word' id='word_1_7' title='bbox 14 376 19 430; x_wconf 78' lang='lat' dir='ltr'><strong>l</strong></span> <span class='ocrx_word' id='word_1_8' title='bbox 113 375 257 459; x_wconf 71' lang='lat' dir='ltr'><strong>MirariS,</strong></span> <span class='ocrx_word' id='word_1_9' title='bbox 273 376 472 444; x_wconf 68' lang='lat' dir='ltr'><strong>&#39;Theodorei</strong></span> <span class='ocrx_word' id='word_1_10' title='bbox 495 377 618 464; x_wconf 81' lang='lat' dir='ltr'><strong>Magna</strong></span> <span class='ocrx_word' id='word_1_11' title='bbox 640 397 740 444; x_wconf 80' lang='lat' dir='ltr'><strong>causa</strong></span> <span class='ocrx_word' id='word_1_12' title='bbox 762 380 826 445; x_wconf 86' lang='lat' dir='ltr'><strong>est:</strong></span> 
     </span>
     <span class='ocr_line' id='line_1_4' title="bbox 12 463 712 544; baseline 0.006 -16"><span class='ocrx_word' id='word_1_13' title='bbox 12 494 13 544; x_wconf 69' lang='lat' dir='ltr'><strong>l</strong></span> <span class='ocrx_word' id='word_1_14' title='bbox 111 463 222 532; x_wconf 86' lang='lat' dir='ltr'><strong>Dones</strong></span> <span class='ocrx_word' id='word_1_15' title='bbox 244 471 280 532; x_wconf 88' lang='lat' dir='ltr'><strong>tu</strong></span> <span class='ocrx_word' id='word_1_16' title='bbox 304 465 449 532; x_wconf 89' lang='lat' dir='ltr'><strong>mihine</strong></span> <span class='ocrx_word' id='word_1_17' title='bbox 473 471 548 533; x_wconf 87' lang='lat' dir='ltr'><strong>tuos</strong></span> <span class='ocrx_word' id='word_1_18' title='bbox 571 465 712 532; x_wconf 89' lang='lat' dir='ltr'><strong>libellos.</strong></span> 
     </span>
    </p>
   </div>
   <div class='ocr_carea' id='block_1_4' title="bbox 276 605 652 676">
    <p class='ocr_par' dir='ltr' id='par_1_4' title="bbox 8 555 652 698">
     <span class='ocr_line' id='line_1_5' title="bbox 276 605 652 676; baseline 0.003 -1.168"><span class='ocrx_word' id='word_1_19' title='bbox 276 643 281 650; x_wconf 91' lang='lat'>-</span> <span class='ocrx_word' id='word_1_20' title='bbox 505 605 652 676; x_wconf 82' lang='lat' dir='ltr'><strong>nxxrv.</strong></span> 
     </span>
    </p>
   </div>
   <div class='ocr_carea' id='block_1_5' title="bbox 6 711 1053 1068">
    <p class='ocr_par' dir='ltr' id='par_1_5' title="bbox 6 711 1053 1068">
     <span class='ocr_line' id='line_1_6' title="bbox 6 711 1053 803; baseline 0.008 -27"><span class='ocrx_word' id='word_1_21' title='bbox 6 718 8 793; x_wconf 56' lang='grc' dir='ltr'>ξ</span> <span class='ocrx_word' id='word_1_22' title='bbox 108 711 285 799; x_wconf 85' lang='lat' dir='ltr'><strong>Pompeios</strong></span> <span class='ocrx_word' id='word_1_23' title='bbox 309 715 442 781; x_wconf 83' lang='lat' dir='ltr'><strong>iuvenes</strong></span> <span class='ocrx_word' id='word_1_24' title='bbox 466 715 548 782; x_wconf 85' lang='lat' dir='ltr'><strong>Asia</strong></span> <span class='ocrx_word' id='word_1_25' title='bbox 571 719 669 801; x_wconf 90' lang='lat' dir='ltr'><strong>atque</strong></span> <span class='ocrx_word' id='word_1_26' title='bbox 693 715 841 803; x_wconf 78' lang='lat' dir='ltr'>Europa,</span> <span class='ocrx_word' id='word_1_27' title='bbox 865 716 922 784; x_wconf 86' lang='lat' dir='ltr'><strong>scd</strong></span> <span class='ocrx_word' id='word_1_28' title='bbox 945 717 1053 802; x_wconf 88' lang='lat' dir='ltr'><strong>ipsum</strong></span> 
     </span>
     <span class='ocr_line' id='line_1_7' title="bbox 7 802 917 891; baseline 0.005 -24"><span class='ocrx_word' id='word_1_29' title='bbox 7 808 8 820; x_wconf 59' lang='lat'>¹</span> <span class='ocrx_word' id='word_1_30' title='bbox 155 802 258 869; x_wconf 84' lang='lat' dir='ltr'><strong>Terra</strong></span> <span class='ocrx_word' id='word_1_31' title='bbox 280 804 365 891; x_wconf 87' lang='lat' dir='ltr'><strong>tegit</strong></span> <span class='ocrx_word' id='word_1_32' title='bbox 387 804 525 890; x_wconf 81' lang='lat' dir='ltr'><strong>Libyae,</strong></span> <span class='ocrx_word' id='word_1_33' title='bbox 548 803 577 870; x_wconf 82' lang='lat' dir='ltr'><strong>si</strong></span> <span class='ocrx_word' id='word_1_34' title='bbox 599 809 712 872; x_wconf 86' lang='lat' dir='ltr'><strong>temen</strong></span> <span class='ocrx_word' id='word_1_35' title='bbox 734 805 803 870; x_wconf 88' lang='lat' dir='ltr'><strong>ulla</strong></span> <span class='ocrx_word' id='word_1_36' title='bbox 826 805 917 890; x_wconf 84' lang='lat' dir='ltr'><strong>tegit.</strong></span> 
     </span>
     <span class='ocr_line' id='line_1_8' title="bbox 109 891 950 981; baseline 0.002 -23"><span class='ocrx_word' id='word_1_37' title='bbox 109 891 199 968; x_wconf 87' lang='lat' dir='ltr'>Quid</span> <span class='ocrx_word' id='word_1_38' title='bbox 222 893 343 958; x_wconf 88' lang='lat' dir='ltr'><strong>mirum</strong></span> <span class='ocrx_word' id='word_1_39' title='bbox 366 896 436 960; x_wconf 90' lang='lat' dir='ltr'><strong>toto</strong></span> <span class='ocrx_word' id='word_1_40' title='bbox 462 893 490 958; x_wconf 89' lang='lat' dir='ltr'><strong>si</strong></span> <span class='ocrx_word' id='word_1_41' title='bbox 513 893 681 981; x_wconf 75' lang='lat' dir='ltr'><strong>spargitur</strong></span> <span class='ocrx_word' id='word_1_42' title='bbox 704 893 805 960; x_wconf 84' lang='lat' dir='ltr'><strong>orbe?</strong></span> <span class='ocrx_word' id='word_1_43' title='bbox 841 892 950 962; x_wconf 87' lang='lat' dir='ltr'><strong>Iacere</strong></span> 
     </span>
     <span class='ocr_line' id='line_1_9' title="bbox 155 979 813 1068; baseline 0.006 -22"><span class='ocrx_word' id='word_1_44' title='bbox 155 979 230 1048; x_wconf 92' lang='lat' dir='ltr'><strong>Uno</strong></span> <span class='ocrx_word' id='word_1_45' title='bbox 253 1003 320 1048; x_wconf 89' lang='lat' dir='ltr'><strong>nou</strong></span> <span class='ocrx_word' id='word_1_46' title='bbox 343 985 475 1068; x_wconf 86' lang='lat' dir='ltr'><strong>poterat</strong></span> <span class='ocrx_word' id='word_1_47' title='bbox 497 987 591 1050; x_wconf 85' lang='lat' dir='ltr'><strong>tanta</strong></span> <span class='ocrx_word' id='word_1_48' title='bbox 613 984 707 1049; x_wconf 85' lang='lat' dir='ltr'><strong>ruine</strong></span> <span class='ocrx_word' id='word_1_49' title='bbox 730 983 813 1050; x_wconf 90' lang='lat' dir='ltr'><strong>loco.</strong></span> 
     </span>
    </p>
   </div>
   <div class='ocr_carea' id='block_1_6' title="bbox 513 1123 643 1192">
    <p class='ocr_par' dir='ltr' id='par_1_6' title="bbox 513 1123 643 1192">
     <span class='ocr_line' id='line_1_10' title="bbox 513 1123 643 1192; baseline 0.015 -2"><span class='ocrx_word' id='word_1_50' title='bbox 513 1123 643 1192; x_wconf 86' lang='lat' dir='ltr'>LXXV.</span> 
     </span>
    </p>
   </div>
   <div class='ocr_carea' id='block_1_7' title="bbox 110 1227 955 1408">
    <p class='ocr_par' dir='ltr' id='par_1_7' title="bbox 110 1227 955 1408">
     <span class='ocr_line' id='line_1_11' title="bbox 110 1227 955 1318; baseline 0.002 -24"><span class='ocrx_word' id='word_1_51' title='bbox 110 1227 201 1306; x_wconf 84' lang='lat' dir='ltr'>Quae</span> <span class='ocrx_word' id='word_1_52' title='bbox 224 1231 309 1316; x_wconf 86' lang='lat' dir='ltr'><strong>legis</strong></span> <span class='ocrx_word' id='word_1_53' title='bbox 332 1251 430 1298; x_wconf 88' lang='lat' dir='ltr'><strong>causa</strong></span> <span class='ocrx_word' id='word_1_54' title='bbox 452 1231 566 1316; x_wconf 89' lang='lat' dir='ltr'><strong>nupsit</strong></span> <span class='ocrx_word' id='word_1_55' title='bbox 588 1231 652 1297; x_wconf 92' lang='lat' dir='ltr'><strong>tibi</strong></span> <span class='ocrx_word' id='word_1_56' title='bbox 673 1231 799 1316; x_wconf 87' lang='lat' dir='ltr'><strong>Laelia,</strong></span> <span class='ocrx_word' id='word_1_57' title='bbox 823 1229 955 1318; x_wconf 88' lang='lat' dir='ltr'><strong>Quinto,</strong></span> 
     </span>
     <span class='ocr_line' id='line_1_12' title="bbox 153 1317 865 1408; baseline 0 -22"><span class='ocrx_word' id='word_1_58' title='bbox 153 1317 298 1387; x_wconf 83' lang='lat' dir='ltr'>Uxorem</span> <span class='ocrx_word' id='word_1_59' title='bbox 322 1324 416 1405; x_wconf 89' lang='lat' dir='ltr'><strong>potes</strong></span> <span class='ocrx_word' id='word_1_60' title='bbox 439 1319 522 1387; x_wconf 90' lang='lat' dir='ltr'><strong>hanc</strong></span> <span class='ocrx_word' id='word_1_61' title='bbox 546 1319 652 1388; x_wconf 80' lang='lat' dir='ltr'><strong>dicere</strong></span> <span class='ocrx_word' id='word_1_62' title='bbox 675 1321 865 1408; x_wconf 81' lang='lat' dir='ltr'><strong>legitimam.</strong></span> 
     </span>
    </p>
   </div>
   <div class='ocr_carea' id='block_1_8' title="bbox 503 1460 650 1530">
    <p class='ocr_par' dir='ltr' id='par_1_8' title="bbox 503 1460 650 1530">
     <span class='ocr_line' id='line_1_13' title="bbox 503 1460 650 1530; baseline 0 -2"><span class='ocrx_word' id='word_1_63' title='bbox 503 1460 650 1530; x_wconf 84' lang='lat' dir='ltr'>LXXVI.</span> 
     </span>
    </p>
   </div>
   <div class='ocr_carea' id='block_1_9' title="bbox 110 1565 984 1920">
    <p class='ocr_par' dir='ltr' id='par_1_9' title="bbox 110 1565 869 1741">
     <span class='ocr_line' id='line_1_14' title="bbox 110 1565 869 1656; baseline 0.005 -26"><span class='ocrx_word' id='word_1_64' title='bbox 110 1565 254 1635; x_wconf 75' lang='lat' dir='ltr'><strong>Profecit</strong></span> <span class='ocrx_word' id='word_1_65' title='bbox 276 1571 356 1654; x_wconf 93' lang='lat' dir='ltr'><strong>poto</strong></span> <span class='ocrx_word' id='word_1_66' title='bbox 380 1566 587 1634; x_wconf 80' lang='lat' dir='ltr'><strong>Mithridates</strong></span> <span class='ocrx_word' id='word_1_67' title='bbox 612 1585 708 1654; x_wconf 81' lang='lat' dir='ltr'><strong>saepe</strong></span> <span class='ocrx_word' id='word_1_68' title='bbox 730 1590 869 1656; x_wconf 83' lang='lat' dir='ltr'><strong>veneno,</strong></span> 
     </span>
     <span class='ocr_line' id='line_1_15' title="bbox 154 1657 851 1741; baseline 0 -19"><span class='ocrx_word' id='word_1_69' title='bbox 154 1657 277 1724; x_wconf 82' lang='lat' dir='ltr'><strong>Toxica</strong></span> <span class='ocrx_word' id='word_1_70' title='bbox 298 1679 340 1722; x_wconf 88' lang='lat' dir='ltr'><strong>ne</strong></span> <span class='ocrx_word' id='word_1_71' title='bbox 363 1661 498 1741; x_wconf 80' lang='lat' dir='ltr'><strong>possent</strong></span> <span class='ocrx_word' id='word_1_72' title='bbox 521 1679 618 1722; x_wconf 87' lang='lat' dir='ltr'><strong>saeva</strong></span> <span class='ocrx_word' id='word_1_73' title='bbox 639 1679 756 1724; x_wconf 87' lang='lat' dir='ltr'><strong>nocere</strong></span> <span class='ocrx_word' id='word_1_74' title='bbox 779 1657 851 1722; x_wconf 79' lang='lat' dir='ltr'><strong>sibi</strong></span> 
     </span>
    </p>

    <p class='ocr_par' dir='ltr' id='par_1_10' title="bbox 110 1743 984 1920">
     <span class='ocr_line' id='line_1_16' title="bbox 110 1743 984 1834; baseline 0.005 -26"><span class='ocrx_word' id='word_1_75' title='bbox 110 1743 313 1834; x_wconf 85' lang='lat' dir='ltr'><strong>&#39;luquoque</strong></span> <span class='ocrx_word' id='word_1_76' title='bbox 336 1745 452 1812; x_wconf 84' lang='lat' dir='ltr'><strong>cavisti</strong></span> <span class='ocrx_word' id='word_1_77' title='bbox 475 1746 619 1811; x_wconf 88' lang='lat' dir='ltr'><strong>cenando</strong></span> <span class='ocrx_word' id='word_1_78' title='bbox 643 1750 711 1811; x_wconf 88' lang='lat' dir='ltr'><strong>tam</strong></span> <span class='ocrx_word' id='word_1_79' title='bbox 735 1745 819 1812; x_wconf 86' lang='lat' dir='ltr'><strong>male</strong></span> <span class='ocrx_word' id='word_1_80' title='bbox 844 1765 984 1832; x_wconf 87' lang='lat' dir='ltr'><strong>semper,</strong></span> 
     </span>
     <span class='ocr_line' id='line_1_17' title="bbox 154 1831 910 1920; baseline 0.003 -20"><span class='ocrx_word' id='word_1_81' title='bbox 154 1833 206 1901; x_wconf 87' lang='lat' dir='ltr'><strong>Ne</strong></span> <span class='ocrx_word' id='word_1_82' title='bbox 229 1855 342 1920; x_wconf 87' lang='lat' dir='ltr'><strong>posses</strong></span> <span class='ocrx_word' id='word_1_83' title='bbox 365 1855 522 1920; x_wconf 86' lang='lat' dir='ltr'><strong>uuquam,</strong></span> <span class='ocrx_word' id='word_1_84' title='bbox 546 1831 663 1918; x_wconf 80' lang='lat' dir='ltr'><strong>Cinna,</strong></span> <span class='ocrx_word' id='word_1_85' title='bbox 686 1834 791 1920; x_wconf 88' lang='lat' dir='ltr'><strong>perire</strong></span> <span class='ocrx_word' id='word_1_86' title='bbox 814 1834 910 1902; x_wconf 87' lang='lat' dir='ltr'><strong>fame.</strong></span> 
     </span>
    </p>
   </div>
   <div class='ocr_carea' id='block_1_10' title="bbox 494 1973 658 2040">
    <p class='ocr_par' dir='ltr' id='par_1_11' title="bbox 494 1973 658 2040">
     <span class='ocr_line' id='line_1_18' title="bbox 494 1973 658 2040; baseline 0.006 -1"><span class='ocrx_word' id='word_1_87' title='bbox 494 1973 658 2040; x_wconf 77' lang='lat' dir='ltr'>LXXVII.</span> 
     </span>
    </p>
   </div>
   <div class='ocr_carea' id='block_1_11' title="bbox 111 2077 919 2268">
    <p class='ocr_par' dir='ltr' id='par_1_12' title="bbox 111 2077 919 2268">
     <span class='ocr_line' id='line_1_19' title="bbox 111 2077 919 2168; baseline -0.004 -19"><span class='ocrx_word' id='word_1_88' title='bbox 111 2081 273 2150; x_wconf 81' lang='lat' dir='ltr'><strong>Narratur</strong></span> <span class='ocrx_word' id='word_1_89' title='bbox 295 2077 382 2149; x_wconf 83' lang='lat' dir='ltr'><strong>belle</strong></span> <span class='ocrx_word' id='word_1_90' title='bbox 406 2081 536 2168; x_wconf 89' lang='lat' dir='ltr'><strong>quidam</strong></span> <span class='ocrx_word' id='word_1_91' title='bbox 560 2080 694 2165; x_wconf 87' lang='lat' dir='ltr'><strong>dixisse,</strong></span> <span class='ocrx_word' id='word_1_92' title='bbox 716 2079 868 2165; x_wconf 85' lang='lat' dir='ltr'><strong>Marullo,</strong></span> <span class='ocrx_word' id='word_1_93' title='bbox 917 2118 919 2122; x_wconf 82' lang='grc'><em>·</em></span> 
     </span>
     <span class='ocr_line' id='line_1_20' title="bbox 155 2169 854 2268; baseline -0.001 -30"><span class='ocrx_word' id='word_1_94' title='bbox 155 2170 219 2250; x_wconf 83' lang='lat' dir='ltr'><strong>Qui</strong></span> <span class='ocrx_word' id='word_1_95' title='bbox 242 2179 276 2239; x_wconf 90' lang='lat' dir='ltr'><strong>te</strong></span> <span class='ocrx_word' id='word_1_96' title='bbox 299 2170 384 2237; x_wconf 85' lang='lat' dir='ltr'><strong>ferre</strong></span> <span class='ocrx_word' id='word_1_97' title='bbox 407 2172 514 2237; x_wconf 86' lang='lat' dir='ltr'><strong>oleum</strong></span> <span class='ocrx_word' id='word_1_98' title='bbox 540 2169 622 2234; x_wconf 89' lang='lat' dir='ltr'><strong>dixit</strong></span> <span class='ocrx_word' id='word_1_99' title='bbox 644 2169 679 2234; x_wconf 93' lang='lat' dir='ltr'><strong>in</strong></span> <span class='ocrx_word' id='word_1_100' title='bbox 702 2169 854 2268; x_wconf 81' lang='lat' dir='ltr'><strong>auricula.</strong></span> 
     </span>
    </p>
   </div>
   <div class='ocr_carea' id='block_1_12' title="bbox 486 2308 666 2378">
    <p class='ocr_par' dir='ltr' id='par_1_13' title="bbox 486 2308 666 2378">
     <span class='ocr_line' id='line_1_21' title="bbox 486 2308 666 2378; baseline 0.011 -2"><span class='ocrx_word' id='word_1_101' title='bbox 486 2308 666 2378; x_wconf 81' lang='lat' dir='ltr'>LXXVIII.</span> 
     </span>
    </p>
   </div>
   <div class='ocr_carea' id='block_1_13' title="bbox 76 2418 979 3660">
    <p class='ocr_par' dir='ltr' id='par_1_14' title="bbox 112 2418 636 2504">
     <span class='ocr_line' id='line_1_22' title="bbox 112 2418 636 2504; baseline -0.004 -18"><span class='ocrx_word' id='word_1_102' title='bbox 112 2418 147 2486; x_wconf 78' lang='lat' dir='ltr'><strong>si</strong></span> <span class='ocrx_word' id='word_1_103' title='bbox 170 2421 261 2487; x_wconf 84' lang='lat' dir='ltr'><strong>tristi</strong></span> <span class='ocrx_word' id='word_1_104' title='bbox 283 2418 464 2504; x_wconf 84' lang='lat' dir='ltr'><strong>domicenio</strong></span> <span class='ocrx_word' id='word_1_105' title='bbox 489 2418 636 2502; x_wconf 86' lang='lat' dir='ltr'><strong>laboras,</strong></span> 
     </span>
    </p>

    <p class='ocr_par' dir='ltr' id='par_1_15' title="bbox 110 2502 955 2772">
     <span class='ocr_line' id='line_1_23' title="bbox 110 2502 754 2597; baseline -0.005 -23"><span class='ocrx_word' id='word_1_106' title='bbox 110 2508 247 2594; x_wconf 81' lang='lat' dir='ltr'><strong>Torani,</strong></span> <span class='ocrx_word' id='word_1_107' title='bbox 269 2514 363 2597; x_wconf 84' lang='lat' dir='ltr'><strong>potes</strong></span> <span class='ocrx_word' id='word_1_108' title='bbox 387 2507 509 2574; x_wconf 86' lang='lat' dir='ltr'><strong>esurire</strong></span> <span class='ocrx_word' id='word_1_109' title='bbox 532 2527 667 2573; x_wconf 89' lang='lat' dir='ltr'><strong>mecum.</strong></span> <span class='ocrx_word' id='word_1_110' title='bbox 740 2502 754 2522; x_wconf 63' lang='lat'><em>⁷</em></span> 
     </span>
     <span class='ocr_line' id='line_1_24' title="bbox 111 2595 955 2681; baseline -0.005 -19"><span class='ocrx_word' id='word_1_111' title='bbox 111 2596 186 2665; x_wconf 83' lang='lat' dir='ltr'><strong>Non</strong></span> <span class='ocrx_word' id='word_1_112' title='bbox 209 2599 346 2664; x_wconf 87' lang='lat' dir='ltr'><strong>deerunt</strong></span> <span class='ocrx_word' id='word_1_113' title='bbox 368 2597 442 2681; x_wconf 86' lang='lat' dir='ltr'><strong>tibi,</strong></span> <span class='ocrx_word' id='word_1_114' title='bbox 465 2596 494 2662; x_wconf 86' lang='lat' dir='ltr'><strong>si</strong></span> <span class='ocrx_word' id='word_1_115' title='bbox 517 2596 603 2662; x_wconf 86' lang='lat' dir='ltr'><strong>soles</strong></span> <span class='ocrx_word' id='word_1_116' title='bbox 626 2595 817 2681; x_wconf 77' lang='grc' dir='ltr'><strong><em>προπίνειν,</em></strong></span> <span class='ocrx_word' id='word_1_117' title='bbox 857 2639 858 2643; x_wconf 54' lang='lat'><em>=</em></span> <span class='ocrx_word' id='word_1_118' title='bbox 951 2611 955 2614; x_wconf 87' lang='grc'><strong><em>·</em></strong></span> 
     </span>
     <span class='ocr_line' id='line_1_25' title="bbox 110 2683 767 2772; baseline -0.003 -22"><span class='ocrx_word' id='word_1_119' title='bbox 110 2683 202 2754; x_wconf 88' lang='lat' dir='ltr'><strong>Viles</strong></span> <span class='ocrx_word' id='word_1_120' title='bbox 226 2686 439 2772; x_wconf 82' lang='lat' dir='ltr'><strong>Cappadocae</strong></span> <span class='ocrx_word' id='word_1_121' title='bbox 463 2705 644 2772; x_wconf 83' lang='lat' dir='ltr'><strong>gravesque</strong></span> <span class='ocrx_word' id='word_1_122' title='bbox 665 2684 767 2770; x_wconf 90' lang='lat' dir='ltr'><strong>porri,</strong></span> 
     </span>
    </p>

    <p class='ocr_par' dir='ltr' id='par_1_16' title="bbox 88 2773 632 2860">
     <span class='ocr_line' id='line_1_26' title="bbox 88 2773 632 2860; baseline 0.006 -23"><span class='ocrx_word' id='word_1_123' title='bbox 88 2773 238 2844; x_wconf 81' lang='lat' dir='ltr'><strong>tDivisis</strong></span> <span class='ocrx_word' id='word_1_124' title='bbox 259 2775 390 2860; x_wconf 76' lang='lat' dir='ltr'><strong>cybium</strong></span> <span class='ocrx_word' id='word_1_125' title='bbox 412 2773 530 2840; x_wconf 86' lang='lat' dir='ltr'><strong>latebit</strong></span> <span class='ocrx_word' id='word_1_126' title='bbox 551 2773 632 2840; x_wconf 84' lang='lat' dir='ltr'><strong>ovis.</strong></span> 
     </span>
    </p>

    <p class='ocr_par' dir='ltr' id='par_1_17' title="bbox 99 2861 878 3132">
     <span class='ocr_line' id='line_1_27' title="bbox 99 2861 860 2952; baseline -0.004 -25"><span class='ocrx_word' id='word_1_127' title='bbox 99 2862 255 2932; x_wconf 77' lang='lat' dir='ltr'><strong>-Ponetur</strong></span> <span class='ocrx_word' id='word_1_128' title='bbox 278 2864 391 2952; x_wconf 82' lang='lat' dir='ltr'><strong>digitis</strong></span> <span class='ocrx_word' id='word_1_129' title='bbox 414 2862 572 2928; x_wconf 85' lang='lat' dir='ltr'><strong>tenendus</strong></span> <span class='ocrx_word' id='word_1_130' title='bbox 596 2861 679 2927; x_wconf 86' lang='lat' dir='ltr'><strong>ustis</strong></span> <span class='ocrx_word' id='word_1_131' title='bbox 752 2871 756 2902; x_wconf 67' lang='lat'>1</span> <span class='ocrx_word' id='word_1_132' title='bbox 810 2869 814 2876; x_wconf 84' lang='lat'>&#39;</span> <span class='ocrx_word' id='word_1_133' title='bbox 858 2865 860 2869; x_wconf 71' lang='lat'>‘</span> 
     </span>
     <span class='ocr_line' id='line_1_28' title="bbox 111 2950 738 3040; baseline -0.008 -22"><span class='ocrx_word' id='word_1_134' title='bbox 111 2951 216 3040; x_wconf 85' lang='lat' dir='ltr'><strong>Nigra</strong></span> <span class='ocrx_word' id='word_1_135' title='bbox 239 2953 395 3020; x_wconf 87' lang='lat' dir='ltr'><strong>coliculus</strong></span> <span class='ocrx_word' id='word_1_136' title='bbox 417 2951 526 3018; x_wconf 87' lang='lat' dir='ltr'><strong>virens</strong></span> <span class='ocrx_word' id='word_1_137' title='bbox 550 2950 683 3034; x_wconf 85' lang='lat' dir='ltr'><strong>pat-ella,</strong></span> <span class='ocrx_word' id='word_1_138' title='bbox 737 3020 738 3024; x_wconf 41' lang='lat'><strong>,</strong></span> 
     </span>
     <span class='ocr_line' id='line_1_29' title="bbox 112 3037 878 3132; baseline -0.003 -26"><span class='ocrx_word' id='word_1_139' title='bbox 112 3043 290 3132; x_wconf 83' lang='lat' dir='ltr'><strong>Algentem</strong></span> <span class='ocrx_word' id='word_1_140' title='bbox 313 3041 410 3108; x_wconf 86' lang='lat' dir='ltr'><strong>modo</strong></span> <span class='ocrx_word' id='word_1_141' title='bbox 433 3042 490 3126; x_wconf 92' lang='lat' dir='ltr'><strong>qui</strong></span> <span class='ocrx_word' id='word_1_142' title='bbox 512 3038 645 3124; x_wconf 87' lang='lat' dir='ltr'><strong>reliquit</strong></span> <span class='ocrx_word' id='word_1_143' title='bbox 666 3037 813 3119; x_wconf 86' lang='lat' dir='ltr'><strong>hortum,</strong></span> <span class='ocrx_word' id='word_1_144' title='bbox 875 3077 878 3080; x_wconf 96' lang='lat'>·</span> 
     </span>
    </p>

    <p class='ocr_par' dir='ltr' id='par_1_18' title="bbox 111 3126 838 3218">
     <span class='ocr_line' id='line_1_30' title="bbox 111 3126 838 3218; baseline -0.003 -24"><span class='ocrx_word' id='word_1_145' title='bbox 111 3127 156 3196; x_wconf 78' lang='lat' dir='ltr'><strong>ur</strong></span> <span class='ocrx_word' id='word_1_146' title='bbox 178 3132 304 3218; x_wconf 84' lang='lat' dir='ltr'><strong>pultem</strong></span> <span class='ocrx_word' id='word_1_147' title='bbox 320 3129 455 3198; x_wconf 84' lang='lat' dir='ltr'><strong>uiveam</strong></span> <span class='ocrx_word' id='word_1_148' title='bbox 479 3147 630 3215; x_wconf 85' lang='lat' dir='ltr'><strong>premens</strong></span> <span class='ocrx_word' id='word_1_149' title='bbox 653 3126 808 3211; x_wconf 89' lang='lat' dir='ltr'><strong>botellus,</strong></span> <span class='ocrx_word' id='word_1_150' title='bbox 834 3171 838 3176; x_wconf 92' lang='lat'>-</span> 
     </span>
    </p>

    <p class='ocr_par' dir='ltr' id='par_1_19' title="bbox 76 3215 789 3306">
     <span class='ocr_line' id='line_1_31' title="bbox 76 3215 789 3306; baseline 0.001 -26"><span class='ocrx_word' id='word_1_151' title='bbox 76 3217 156 3286; x_wconf 73' lang='lat' dir='ltr'><strong>unt</strong></span> <span class='ocrx_word' id='word_1_152' title='bbox 178 3220 307 3306; x_wconf 84' lang='lat' dir='ltr'><strong>pallens</strong></span> <span class='ocrx_word' id='word_1_153' title='bbox 330 3218 409 3286; x_wconf 82' lang='lat' dir='ltr'><strong>febo</strong></span> <span class='ocrx_word' id='word_1_154' title='bbox 431 3240 506 3285; x_wconf 86' lang='lat' dir='ltr'><strong>cum</strong></span> <span class='ocrx_word' id='word_1_155' title='bbox 529 3217 665 3283; x_wconf 87' lang='lat' dir='ltr'><strong>rubente</strong></span> <span class='ocrx_word' id='word_1_156' title='bbox 687 3215 789 3281; x_wconf 86' lang='lat' dir='ltr'><strong>lardo.</strong></span> 
     </span>
    </p>

    <p class='ocr_par' dir='ltr' id='par_1_20' title="bbox 111 3303 979 3660">
     <span class='ocr_line' id='line_1_32' title="bbox 111 3303 760 3388; baseline -0.006 -16"><span class='ocrx_word' id='word_1_157' title='bbox 111 3303 243 3376; x_wconf 80' lang='lat' dir='ltr'><strong>Mensae</strong></span> <span class='ocrx_word' id='word_1_158' title='bbox 267 3330 402 3375; x_wconf 87' lang='lat' dir='ltr'><strong>munera</strong></span> <span class='ocrx_word' id='word_1_159' title='bbox 425 3309 453 3374; x_wconf 86' lang='lat' dir='ltr'><strong>si</strong></span> <span class='ocrx_word' id='word_1_160' title='bbox 476 3307 566 3373; x_wconf 80' lang='lat' dir='ltr'><strong>volco</strong></span> <span class='ocrx_word' id='word_1_161' title='bbox 589 3303 760 3388; x_wconf 88' lang='lat' dir='ltr'><strong>secundae,</strong></span> 
     </span>
     <span class='ocr_line' id='line_1_33' title="bbox 113 3392 715 3484; baseline -0.003 -24"><span class='ocrx_word' id='word_1_162' title='bbox 113 3392 294 3466; x_wconf 84' lang='lat' dir='ltr'><strong>Marcentes</strong></span> <span class='ocrx_word' id='word_1_163' title='bbox 316 3397 379 3463; x_wconf 87' lang='lat' dir='ltr'><strong>tibi</strong></span> <span class='ocrx_word' id='word_1_164' title='bbox 402 3396 612 3484; x_wconf 84' lang='lat' dir='ltr'><strong>porrigentur</strong></span> <span class='ocrx_word' id='word_1_165' title='bbox 633 3415 715 3458; x_wconf 81' lang='lat' dir='ltr'><strong>uvae</strong></span> 
     </span>
     <span class='ocr_line' id='line_1_34' title="bbox 113 3479 979 3570; baseline -0.008 -20"><span class='ocrx_word' id='word_1_166' title='bbox 113 3479 155 3550; x_wconf 76' lang='lat' dir='ltr'><strong>lit</strong></span> <span class='ocrx_word' id='word_1_167' title='bbox 176 3508 296 3555; x_wconf 87' lang='lat' dir='ltr'><strong>nomen</strong></span> <span class='ocrx_word' id='word_1_168' title='bbox 318 3485 392 3570; x_wconf 86' lang='lat' dir='ltr'><strong>pira</strong></span> <span class='ocrx_word' id='word_1_169' title='bbox 415 3507 497 3570; x_wconf 89' lang='lat' dir='ltr'><strong>quae</strong></span> <span class='ocrx_word' id='word_1_170' title='bbox 520 3483 629 3550; x_wconf 85' lang='lat' dir='ltr'><strong>ierunt</strong></span> <span class='ocrx_word' id='word_1_171' title='bbox 652 3479 821 3566; x_wconf 80' lang='lat' dir='ltr'><strong>Syrorum,</strong></span> <span class='ocrx_word' id='word_1_172' title='bbox 975 3505 979 3513; x_wconf 60' lang='lat'>¹</span> 
     </span>
     <span class='ocr_line' id='line_1_35' title="bbox 113 3568 883 3660; baseline -0.009 -22"><span class='ocrx_word' id='word_1_173' title='bbox 113 3568 154 3639; x_wconf 76' lang='lat' dir='ltr'><strong>Et</strong></span> <span class='ocrx_word' id='word_1_174' title='bbox 175 3591 260 3660; x_wconf 86' lang='lat' dir='ltr'><strong>quas</strong></span> <span class='ocrx_word' id='word_1_175' title='bbox 283 3574 379 3650; x_wconf 88' lang='lat' dir='ltr'><strong>docta</strong></span> <span class='ocrx_word' id='word_1_176' title='bbox 401 3571 559 3659; x_wconf 84' lang='lat' dir='ltr'><strong>Neapolis</strong></span> <span class='ocrx_word' id='word_1_177' title='bbox 583 3569 717 3652; x_wconf 84' lang='lat' dir='ltr'><strong>creavit,</strong></span> <span class='ocrx_word' id='word_1_178' title='bbox 882 3577 883 3584; x_wconf 75' lang='grc'>’</span> 
     </span>
    </p>
   </div>
   <div class='ocr_carea' id='block_1_14' title="bbox 0 0 1275 4038">
    <p class='ocr_par' dir='ltr' id='par_1_21' title="bbox 0 0 1275 4038">
     <span class='ocr_line' id='line_1_36' title="bbox 0 0 1275 4038; baseline 0 0"><span class='ocrx_word' id='word_1_179' title='bbox 0 0 1275 4038; x_wconf 95' lang='lat' dir='ltr'><strong> </strong></span> 
     </span>
    </p>
   </div>
  </div>
 </body>
</html>
