2528 4038
307 217 609 277 ssuuauuuauom
627 217 695 276 uua.
715 215 762 275 ιιι
1003 215 1047 283 63

492 381 583 450 xm

86 487 161 556 Dum
181 513 245 560 uon
269 491 320 560 vis
344 491 466 578 pisees,
484 489 562 556 dum
584 509 651 556 non
670 488 721 556 vis
745 507 878 574 carpere
900 486 1010 571 pullos

123 577 164 645 Et
184 582 257 666 plus
283 602 384 667 quam
407 580 512 666 putri,
534 576 673 660 Naeuia,
696 579 803 664 pateis
827 595 920 662 apro,

87 667 215 736 Aoeusas
237 671 430 756 rumpisque
454 689 581 752 ooeum,
605 671 762 753 tanquam
786 667 897 735 omnia
920 663 1019 732 cruda

123 757 285 826 Attulerit
322 755 500 844 Nunquam
524 757 571 824 sie
594 777 656 844 ego
679 754 798 824 erudas
821 775 887 822 ero.

492 931 582 1000 XIV.

86 1039 209 1112 Romam
232 1043 369 1130 petebat
392 1040 535 1108 esuritor
557 1037 694 1106 Tuooius
795 1057 808 1090 ⁸

12 1157 13 1174 2
122 1129 286 1198 Profectus
310 1153 350 1197 ex
372 1127 545 1216 Hispania.

12 1241 13 1310 3
85 1216 219 1286 Occurrit
242 1220 296 1286 illi
318 1219 541 1304 sportularum
564 1216 690 1284 fabula:

122 1307 150 1373 A
170 1313 271 1396 ponte
294 1307 394 1375 rediit
415 1306 549 1374 Mulvio.

502 1499 574 1568 XV.

84 1608 152 1677 Plus
174 1613 278 1679 credit
298 1631 395 1708 nequo
419 1612 493 1675 tota
516 1629 614 1696 quam
639 1605 764 1674 Gordus
787 1608 822 1673 in
844 1607 934 1675 urbe.

12 1709 13 1738 ³
121 1699 216 1787 „Cum
240 1701 286 1766 sit
308 1705 377 1766 tam
401 1719 540 1785 pauper,
563 1696 769 1782 quomodo?“
801 1695 924 1763 Caecus
948 1700 1047 1764 amat.

494 1891 583 1961 XVI.

11 2059 12 2076 ,
83 1998 143 2067 Das
166 2003 381 2091 gladiatores,
405 2005 555 2068 sutorum
577 1999 703 2089 regule,
726 1998 836 2084 cerdo,

11 2111 13 2128 ἓ
122 2089 275 2178 Quodque
297 2091 360 2157 tibi
384 2089 501 2156 tribuit
524 2088 655 2172 subula,
678 2087 744 2154 sica
767 2088 864 2173 rapit
1102 2151 1105 2156 .

82 2175 193 2246 Ebrius
213 2202 262 2246 es:
285 2201 389 2265 meque
413 2179 500 2244 enim
518 2177 642 2244 faceres
660 2175 723 2242 hoe
742 2176 870 2242 sobrius
889 2198 1046 2262 unquam,

120 2265 166 2334 Ut
188 2269 289 2334 velles
313 2268 401 2334 eorio
425 2267 551 2350 ludere,
574 2264 684 2348 cerdo,
708 2268 776 2332 tuo.
978 2283 980 2287 ·

60 2353 198 2438 abusisti
221 2358 323 2424 corio:
347 2356 403 2423 sed
426 2360 473 2442 te,
496 2355 578 2422 mihi
601 2354 708 2438 erede,
731 2357 895 2420 memento

120 2443 214 2513 Nune
236 2446 269 2512 iu
292 2445 461 2532 pellicula,
486 2445 597 2529 cerdo,
620 2447 730 2508 tenero
753 2446 820 2510 tua

81 2743 274 2816 Circumlata
297 2749 352 2815 diu
375 2745 497 2814 mensis
521 2745 670 2811 scriblita
693 2745 842 2812 secundis

120 2833 367 2904 Urebar·nimi0
392 2857 490 2902 saeva
512 2835 620 2901 aalore
644 2852 773 2918 mauus3
1002 2903 1004 2908 ,

83 2920 140 2990 Sed
162 2928 267 3014 magis
292 2921 428 2993 ardebat
452 2922 564 2990 Sabidi
588 2923 679 3010 gula:
703 2922 855 3009 protimus
878 2944 957 3012 ergo

121 3011 271 3082 Sufflavit
293 3015 404 3082 buccis
427 3018 542 3098 terque
566 3015 745 3097 quaterque
769 3012 847 3079 suis.
1039 3008 1045 3017 '

59 3098 140 3168 bllla
162 3106 293 3190 quidem
315 3103 423 3189 tepuit
446 3099 631 3188 digitosque
654 3100 827 3166 admittere
850 3100 922 3167 uisa
944 3106 1007 3188 est,

121 3188 182 3260 Sed
202 3213 301 3261 memo
324 3191 435 3280 putuit
457 3194 607 3276 tangere:
631 3189 744 3256 merda
765 3188 837 3256 luit

480 3383 603 3453 xvm

81 3491 267 3564 Perfrixisse
290 3498 364 3562 tuas
389 3497 506 3580 questa
529 3497 580 3560 est
602 3491 762 3579 praefatio
786 3492 905 3560 fauces.

121 3581 201 3653 (lum
224 3590 259 3652 te
282 3583 462 3670 excusaris,
485 3581 643 3668 Maxime,
667 3582 745 3670 quid
767 3581 909 3649 recitas?
