2596 4034
402 169 569 264 arianam
557 207 703 324 tirason
721 207 789 264 ma
809 209 863 264 ιι
1068 211 1132 277 237

7 441 12 450 ,
113 370 204 436 m
226 368 277 436 fot
262 373 354 436 tuam
378 393 507 436 summa
530 393 645 437 cenare
669 372 817 458 pelorida
840 387 969 438 mensa

8 481 14 548 j
116 476 148 524 ιο
205 457 395 544 Quosquet
397 459 466 546 egit
452 459 553 525 tlevi
575 463 696 528 cortice
720 461 843 526 concha
866 463 989 548 brevis,

8 553 14 566 '
159 548 276 614 Ostrea
299 549 433 614 Baianis
458 571 564 652 quam·
579 572 646 615 non
668 551 782 617 livent'
758 555 805 616 tia
829 556 895 618 test
897 552 939 636 is,

1 638 7 649 ’
204 636 294 714 Quae
318 637 449 704 domino
472 639 655 724 puerinon
678 640 873 725 prohibente
897 640 1035 706 vorent?

5 706 12 806 ¹,
158 725 223 792 Hic
246 727 367 794 olidam
391 727 554 793 clamosus
579 750 657 814 ages
681 730 823 795 intretis
845 730 978 816 vulpem

8 889 12 904 ι
203 815 369 882 Mordebit
355 822 432 902 tque
455 821 531 882 tuos
555 816 686 883 sordida
709 818 830 903 praeda
853 841 962 886 canes:

8 907 10 913 “
118 920 149 969 15
159 903 233 971 Illic
255 906 386 992 piscoso
409 905 506 971 modo
530 906 584 971 vix
609 907 726 973 educta
692 907 910 994 tprofundo

8 984 11 1010 '
203 993 388 1080 Impedient
411 995 539 1080 lepores
563 995 673 1060 umida
696 997 777 1061 lina·
774 1019 885 1062 ·.meos
905 1033 948 1045 -

159 1081 247 1149 Dum
270 1084 399 1168 loquor,
423 1105 495 1149 ecce
519 1083 605 1148 redit
629 1089 742 1168 sporta
764 1085 941 1169 piscator
931 1085 1034 1171 mani,

204 1171 353 1238 Venator
376 1177 473 1257 capta
496 1172 600 1236 maele
625 1175 783 1257 superbus
807 1175 913 1240 adest:

160 1260 274 1326 Omnis
297 1261 339 1326 ab
362 1262 487 1326 urbano
511 1261 603 1327 venit
626 1261 667 1326 ad
691 1283 781 1326 mare
804 1284 883 1328 cene
905 1265 1053 1330 macello.

115 1366 150 1416 ιο
207 1348 390 1416 Galla-'ioum
414 1349 550 1416 mandas
575 1349 681 1434 siquid
705 1350 746 1416 ad
769 1349 933 1418 Oceanum
951 1390 1008 1419 -.

529 1471 715 1540 XXXVIII.

159 1561 187 1630 Ο
211 1563 329 1629 molles
352 1562 415 1628 tibi
437 1562 635 1648 quindecim,
659 1561 793 1650 Calene,

136 1651 249 1728 Quos
273 1674 346 1717 cum
371 1649 516 1736 Sulpicia
539 1655 598 1716 tua
620 1651 746 1738 iugales

159 1741 302 1806 Indulsit
326 1740 462 1806 denset
448 1741 614 1828 tperegit
637 1743 752 1808 annosi

161 1829 187 1896 Ο
211 1852 277 1896 uox
301 1831 408 1895 omnis
432 1832 466 1894 et
488 1830 584 1914 hora,
608 1851 690 1913 quae
713 1834 792 1896 nota
793 1835 829 1896 ta
851 1837 902 1896 est

2 1937 9 1954 ’
135 1917 255 1986 eCaris
278 1918 386 1984 litoris
408 1917 513 1984 Indici
537 1917 675 2003 lapillisl
774 1925 777 1928 ’

116 2012 118 2016 ’
160 2007 187 2074 Ο
212 2030 294 2093 quae
317 2007 457 2094 proelia,
482 2029 561 2093 quas
585 2007 749 2090 utrimque
772 2029 899 2095 pugnas

159 2097 253 2162 Felix
275 2097 422 2162 lectulus.
440 2100 473 2161 et
498 2097 630 2161 lucerna
652 2096 752 2160 vidit,

160 2186 292 2253 Nimbis
317 2185 408 2250 ebria
430 2183 663 2251 Nicerotianis!

160 2275 282 2340 Vixisti
306 2274 426 2358 tribus,
450 2294 469 2339 o
493 2271 629 2357 Calene,
652 2273 778 2340 lustrist

119 2382 150 2430 10
162 2367 226 2430 Ae
229 2386 264 2428 as
212 2363 367 2429 thaeo
390 2362 527 2426 tibit
475 2365 548 2427 tota
571 2365 726 2447 computa
707 2367 780 2428 atur

160 2453 207 2519 Et
231 2453 319 2518 solos
342 2473 495 2516 numeras
519 2451 587 2516 dies
611 2451 731 2517 mariti.

159 2541 211 2608 Ex
234 2541 302 2607 illis
325 2541 437 2606 tibi
411 2563 440 2606 ει
463 2539 518 2605 diu
540 2543 690 2626 rogatam

160 2631 282 2696 Lucem
305 2629 454 2694 redderet
440 2628 622 2714 ttAropos
646 2627 697 2692 vel
720 2649 833 2713 unam,
896 2635 898 2640 '

160 2719 293 2804 Malles,
317 2740 416 2804 quam
439 2717 567 2804 Pyliam
591 2719 705 2802 quater
728 2722 901 2784 senectam

161 2921 304 2990 Consule
327 2925 361 2988 te
384 2921 489 2988 Bruto
453 2917 599 3007 tquod
622 2920 726 3004 iuras,
749 2919 881 3007 Lesbia,
902 2924 1031 3007 natam,

205 3011 371 3078 Mentiris
393 3009 493 3077 ,tNua
511 3032 565 3093 .‚es
587 2973 970 3094 Lesbia,regeNl1ma?

162 3101 215 3167 Sic
229 3122 369 3186 quoque
373 3099 530 3166 mentiris
549 3059 719 3183 illamque,
723 3101 761 3162 ut
776 3103 834 3164 tua
847 3100 977 3172 saecula
990 3097 1135 3203 narrant,

207 3189 301 3256 Fica
323 3187 519 3255 Prometheo
545 3187 661 3254 diceris
684 3207 756 3252 esse
780 3186 860 3253 luto.

163 3393 299 3480 Semper
323 3415 397 3460 cum
420 3393 503 3459 mihi
526 3301 687 3459 ιιίοοξοξιιι
710 3411 802 3466 οιιοΙ

163 3481 293 3550 Secreto
318 3504 391 3550 mea
413 3481 508 3548 Polla
532 3505 606 3549 cum
629 3480 777 3564 cinaedo,

162 3570 290 3658 Inrupi,
312 3571 412 3659 Lupe.
447 3571 524 3639 Νοιι
548 3575 619 3640 erat
643 3569 803 3638 cinaedus.
