2610 4048
215 219 261 286 28
460 290 462 296 ¹
546 218 584 278 n
602 215 685 274 vau.
703 215 905 274 maurianis
996 217 1007 242 ·
1078 227 1082 235 ⁸
1216 179 1219 188 ’

259 381 354 450 Hanc
377 387 465 470 pete:
488 405 528 448 ne
552 385 679 450 metuas
702 380 808 448 fastus
831 357 994 466 limenque
1018 380 1219 487 superbum:

304 469 407 538 Nulla
430 473 535 558 magis
558 475 631 538 toto
654 471 753 536 ianua
775 473 870 556 poste
894 473 1000 556 patet,
1053 535 1057 542 ,

219 575 250 626 1⁶
260 558 331 626 Nee
349 561 483 647 propior
501 581 599 650 quem
617 557 768 626 Phoebus
786 563 875 624 amet
893 559 1070 642 doctaeque
1094 579 1236 626 sorores.

306 646 343 715 Si
365 648 452 716 dicet
473 649 599 734 „Quare
620 669 688 714 non
710 651 822 713 tamen
844 649 914 734 ipse
937 645 1066 712 venit?“

263 734 317 802 Sic
339 736 417 804 licet
440 759 572 804 excuses
593 735 698 822 „uuis
721 736 957 822 qualiacunque
980 735 1135 822 leguntur
1150 805 1164 824 ,ι

305 823 390 912 Ista,
413 826 575 892 salutator
598 825 739 892 scribere
761 846 828 892 non
850 823 987 910 potuit.“

668 999 783 1068 LXXI.

261 1105 383 1174 Laevia
406 1131 462 1175 sex
484 1107 626 1194 cyathis,
649 1113 773 1196 septem
796 1107 925 1175 Iustina
946 1108 1094 1194 bibatur,

308 1195 456 1283 Quinque
479 1197 598 1282 Lycus,
621 1195 711 1283 Lyde
735 1201 904 1284 quattuor,
926 1196 986 1262 Ida
1009 1199 1124 1263 tribus.
1284 1224 1285 1296 q

264 1281 379 1351 Omnis
402 1287 444 1350 ab
467 1286 575 1352 infuso
599 1293 787 1358 numeretur
810 1286 916 1352 amica
938 1285 1094 1371 Falerno,
1284 1305 1285 1368 ι

307 1371 354 1440 Ec
376 1373 453 1460 quia
473 1375 565 1440 nulla
587 1375 690 1460 venit,
713 1378 750 1440 tu
774 1374 869 1460 mihi,
893 1372 1028 1462 Somne,
1050 1375 1133 1442 veni.
1284 1375 1285 1380 ’

657 1549 789 1617 LXXII.
824 1559 827 1564 '

263 1654 397 1723 Nostris
419 1658 568 1724 versibus
592 1680 662 1724 esse
685 1653 718 1723 te
741 1660 886 1744 poetam,

174 1793 176 1802 .
263 1743 447 1831 Fidentine,
469 1752 565 1832 putas
589 1746 744 1832 cupisque
767 1747 876 1812 credi?

265 1831 319 1900 Sic
342 1834 477 1902 dentata
500 1836 563 1901 sibi
586 1837 714 1900 videtur
736 1834 841 1922 Aegle

263 1921 395 2008 Emptis
418 1924 547 1990 ossibus
570 1923 746 2009 Indicoque
769 1945 883 2008 cornu3
966 1929 970 1938 '

238 2008 320 2078 uSic
343 2034 425 2098 quae
447 2013 575 2098 nigrior
597 2017 648 2078 est
670 2012 805 2078 cadente
828 2035 935 2098 moro,

265 2097 441 2166 Cerussata
464 2101 528 2166 sibi
550 2101 658 2186 placet
681 2099 824 2186 Lycoris.

264 2187 336 2254 Hac
359 2193 392 2254 et
414 2193 451 2255 tu
473 2190 601 2256 ratione
623 2211 687 2274 qua
709 2195 806 2271 posta
828 2211 877 2274 es,

265 2274 387 2343 Calvus
410 2299 484 2344 cum
506 2277 621 2362 fueris,
644 2278 707 2344 eris
731 2282 889 2344 comatur.

650 2453 799 2520 LXXIII.

265 2557 385 2626 Nullus
408 2560 444 2625 in
467 2561 546 2625 urbe
569 2560 633 2626 fuit
655 2563 728 2626 tota
750 2559 806 2645 qui
829 2563 965 2648 tangere
987 2563 1086 2629 vellet

235 2689 237 2693 ,
310 2647 451 2715 Uxorem
476 2649 593 2735 gratis,
616 2647 811 2732 Caeciliano,
834 2653 939 2732 tuam,

265 2736 353 2803 Dum
375 2737 480 2802 licuit:
504 2737 560 2802 sed
582 2759 667 2804 nuno
689 2738 806 2823 positis
829 2739 1019 2806 custodibus
1042 2741 1158 2828 ingens
1249 2813 1251 2818 ,

309 2823 421 2891 Turba
442 2825 625 2892 fututorum
649 2832 712 2892 est:
735 2828 924 2913 ingeniosus
948 2829 1046 2895 homo
1070 2851 1124 2897 es,

600 2971 602 2974 ’
655 3003 802 3071 cxxiv.

264 3107 419 3175 Moechus
438 3113 523 3174 erut:
541 3113 673 3196 poteras
692 3116 803 3178 tamen
821 3112 884 3179 boc
902 3117 953 3198 tu,
970 3113 1089 3202 Paula,
1108 3139 1234 3206 negare.

308 3196 394 3264 Ecce
417 3198 468 3263 vir
491 3202 554 3264 est:
577 3201 749 3287 numquid,
771 3199 890 3288 Paula,
912 3225 1032 3290 negare
1055 3209 1174 3292 potes?

661 3375 792 3445 LXXV.

265 3483 445 3550 Dimidium
468 3483 587 3551 donare
609 3484 691 3552 Lino
715 3508 813 3571 quam
836 3487 965 3554 credere
988 3492 1098 3558 totum

311 3569 375 3648 Qui
397 3574 537 3654 mavult,
560 3575 686 3640 mavult
708 3574 841 3660 perdere
866 3575 1045 3644 dimidium.
