2596 4034
188 179 253 248 160
408 213 412 220 ·
516 175 554 232 M.
572 175 657 234 vat.
676 169 878 230 mamam
910 229 912 234 .

663 335 732 402 XL.
760 251 789 358 J

230 447 294 514 Hic
317 446 404 513 iacet
424 444 483 513 ille
507 465 605 510 senex
628 443 783 530 Augusta
804 444 902 508 notus
926 439 961 506 in
984 439 1073 524 aula,

275 536 411 602 Pectore
434 555 503 602 non
524 531 643 600 humili
666 553 782 618 passus
805 534 978 615 utrumque
1001 528 1111 612 deum3

231 623 396 691 Natorum
418 624 523 709 pietas
548 620 669 686 sanctis
693 642 790 705 quem
814 618 962 705 coniugis
985 617 1112 682 umbris

275 711 422 778 Miscuit:
445 711 600 796 Elysium
622 709 769 796 possidet
792 708 889 774 ambo
912 727 1036 774 nemus.

205 799 359 869 tOccidit
381 799 441 866 illa
463 799 554 886 prior
576 797 673 864 uiridi
695 795 848 863 fraudata
869 796 1017 862 iuventa:

275 888 340 956 Hic
362 911 464 976 prope
486 894 537 956 ter
560 908 654 952 senas
676 885 760 952 vixit
783 883 1004 970 Olympiadas.

232 976 295 1044 Sed
317 975 481 1044 festinatis
505 980 638 1063 raptum
660 975 723 1040 tibi
746 973 883 1042 credidit
906 973 1014 1058 annis,

275 1067 417 1153 Aspexit
438 1065 592 1133 lacrimas
616 1064 778 1156 quisquis,
799 1062 956 1148 Etrusca,
978 1066 1061 1128 tuas.

653 1169 778 1272 mu
891 1241 894 1246 ,

233 1313 399 1382 Cosmicos
422 1335 493 1380 esse
516 1313 591 1399 tibi,
616 1311 788 1398 Semproni
811 1309 933 1394 Tucca,
956 1308 1091 1375 videris:

277 1401 440 1489 Cosmica,
463 1399 646 1489 Semproni,
669 1407 739 1467 tam
763 1401 863 1485 mala,
887 1421 985 1485 quam
1008 1399 1096 1464 bona
1120 1405 1221 1466 sunt.

645 1559 748 1626 nnn.
773 1528 811 1632 V

232 1667 422 1734 Muneribus
447 1667 557 1753 cupiat
580 1667 609 1732 si
632 1667 705 1752 quis
729 1665 922 1732 contendere
946 1668 1067 1750 tecum,

276 1756 407 1822 Audeat
429 1756 483 1822 hic
506 1756 615 1839 etiam,
639 1755 797 1840 castrice,
821 1753 1028 1822 carminibus.

232 1845 302 1913 Nos
325 1849 440 1912 tenues
463 1845 497 1909 in
520 1849 657 1930 utroque
681 1866 793 1910 sumus
816 1843 965 1928 vincique
989 1841 1111 1928 parati:

277 1933 357 2000 Inde
381 1954 478 2020 sopor
501 1933 597 1998 nobis
621 1937 654 1998 et
676 1933 784 2018 placet
808 1933 876 1998 alta
900 1931 1000 2017 quies.

207 2023 316 2090 oTam
335 2023 423 2088 mala
441 2043 499 2088 cur
516 2021 618 2108 igitur
638 2021 779 2086 dederim
798 2021 860 2086 tibi
879 2021 1038 2106 carmina,
1053 2019 1219 2106 quaeris?

278 2111 417 2178 Alcinoo
441 2109 566 2175 nullum
589 2132 688 2196 poma
711 2109 837 2176 dedisse
859 2112 980 2197 putas?
1026 2134 1030 2139 ’

232 2375 379 2442 Primum
403 2379 467 2460 est,
485 2379 523 2440 ut
540 2379 701 2460 praestes,
721 2376 748 2440 si
767 2357 844 2462 guid
863 2379 909 2458 te,
929 2371 1047 2454 Cinna,
1065 2375 1221 2464 rogab03

278 2464 366 2530 Illud
388 2463 504 2530 deinde
528 2485 680 2548 sequens,
702 2467 740 2529 ut
763 2465 842 2548 cito,
866 2461 984 2547 Cinna,
1007 2483 1117 2550 neges.

233 2553 346 2640 Diligo
369 2555 606 2637 praestantem3
629 2574 696 2618 non
719 2552 787 2636 odi,
811 2550 929 2636 Cinna,
952 2558 1142 2638 negantem:

278 2640 342 2708 Sed
365 2646 483 2707 tuneo
506 2645 655 2727 praestas
679 2662 740 2706 neo
763 2643 844 2726 cito,
868 2639 987 2728 Cinna,
1009 2661 1122 2728 negas.

639 2799 756 2866 XLIV.
787 2803 810 2866 *d
876 2865 877 2868 ,

234 2905 396 2972 Maximus
419 2907 475 2972 ille
498 2909 587 2989 tuus,
611 2904 720 2988 Ovidi,
743 2903 922 2972 Caesonius
945 2905 1000 2972 hic
1023 2911 1087 2991 est,

235 3041 243 3054 ·
278 2993 377 3061 Cuius
402 2995 506 3060 adhue
529 2995 659 3060 vultum
682 2993 791 3060 vivida
815 3017 890 3060 cera
913 2997 1011 3061 tenet.

233 3083 330 3150 Hunc
351 3082 441 3150 Nero
466 3082 647 3169 damnavit,
671 3083 727 3148 sed
751 3088 788 3148 tu
812 3083 966 3148 damnare
988 3083 1159 3152 Neronem

278 3172 387 3238 Ausus
410 3194 444 3238 es
468 3175 501 3238 et
523 3171 670 3259 profugi,
692 3193 759 3238 non
781 3176 851 3256 tua,
874 3171 944 3238 fata
968 3174 1073 3259 sequi:

208 3259 387 3344 adequora
409 3284 468 3347 per
493 3259 622 3344 Scyllae
645 3283 782 3348 magnus
807 3284 914 3327 comes
938 3263 1041 3328 exulis
1063 3262 1138 3347 isti,

279 3349 343 3424 Qui
366 3349 463 3415 modo
486 3351 638 3415 nolueras
662 3349 806 3415 consulis
829 3349 877 3416 ire
900 3373 1019 3417 comes.

235 3433 270 3500 Si
293 3437 420 3502 victura
443 3437 524 3502 meis
549 3437 745 3502 mandantur
767 3441 901 3505 nomina
923 3439 1047 3507 chartis

279 3527 320 3588 Et
341 3523 392 3590 fas
417 3528 466 3589 est
490 3525 590 3590 cineri
613 3548 665 3591 me
689 3549 859 3612 superesse
883 3550 970 3596 meo:
