2610 4048
405 195 706 255 EPIGRAMMATON
723 197 792 256 LIB.
810 201 832 258 1.
1088 205 1131 274 39

149 357 319 445 Argenta,
342 360 431 445 nive,
454 361 540 446 lilio,
561 361 713 450 ligustro.
762 409 764 416 ι

151 445 219 514 Sed
242 449 405 534 quandam
429 451 505 517 volo
528 455 626 518 nocte
649 453 842 542 nigriorem,

121 535 321 623 cFormica,
344 539 431 624 pice,
454 540 603 628 graculo,
627 541 748 609 cicada.

152 624 226 692 Iam
250 627 426 713 suspendia
448 649 547 694 saeva
570 629 754 717 cogitabas:

152 713 189 780 Si
212 716 290 782 novi
315 717 395 784 bene
418 721 466 803 te,
488 717 642 804 Procille‚
664 719 764 788 vives.

563 856 679 926 CXVI

152 962 228 1030 Hoc
250 987 365 1032 nemus
389 969 522 1032 aeterno
546 967 690 1032 cinerum
715 967 858 1034 sacrarit
881 967 999 1035 honori

199 1053 341 1120 Faenius
366 1058 399 1120 et
422 1055 503 1122 culti
526 1055 641 1140 iugera
664 1055 802 1142 pulchra
824 1055 895 1123 soli.

153 1141 226 1208 Hoc
249 1144 375 1230 tegitur
399 1144 464 1210 cito
487 1147 585 1231 rapta
608 1143 674 1210 suis
698 1143 837 1222 Antulla
860 1145 1022 1232 sepulcro,

200 1230 273 1298 Hoc
297 1233 359 1298 erit
381 1233 539 1298 Antullae
562 1233 684 1299 mixtus
707 1237 841 1318 uterque
865 1257 991 1320 pareus.

122 1319 191 1386 usi
216 1320 308 1407 cupit
329 1320 417 1388 hune
441 1319 574 1408 aliquis,
597 1343 728 1406 monce,
744 1328 792 1387 'ne
816 1327 924 1408 speret
948 1323 1106 1410 agellum:

198 1408 363 1496 Perpetuo
387 1410 528 1476 dominis
552 1411 673 1478 serviet
695 1411 758 1476 iste
781 1411 860 1478 suis.

150 1657 306 1725 Occurris
331 1657 495 1744 quotiens,
518 1659 676 1746 Luperca,
699 1657 808 1744 nobis,
833 1713 835 1716 .

149 1747 234 1834 „Vis
258 1747 390 1814 mittam
413 1749 571 1834 puerum“
594 1748 730 1815 subinde
754 1747 848 1833 dicis,

149 1835 234 1921 „Oui
257 1837 369 1902 tradas
393 1837 656 1940 epigrammaton
678 1836 842 1922 libellum,

151 1926 291 1992 Lectum
315 1947 411 2012 quem
434 1925 497 1992 ubi
520 1926 670 2013 protinus
691 1924 903 1992 remittam?“

121 2013 232 2082 cNon
255 2014 415 2102 estquod
438 2037 588 2102 puerum,
611 2015 768 2100 Luperce,
791 2036 897 2082 vexes,

151 2104 306 2191 Longum
331 2107 395 2188 est,
418 2103 447 2169 si
470 2105 550 2170 velit
574 2104 614 2170 ad
636 2103 749 2170 Pirum
772 2103 896 2188 venire,

151 2193 321 2272 Eteoelis
344 2193 460 2258 habItc
484 2193 604 2278 tribus,
628 2193 685 2258 sed
708 2191 794 2258 altis.

152 2279 248 2357 Quod
272 2283 401 2367 quaeris
425 2282 560 2368 propius
583 2285 677 2368 petas
699 2281 822 2347 licebit.

153 2371 239 2458 Argi
260 2392 378 2455 nempe
402 2371 489 2436 soles
513 2371 621 2436 subire
644 2371 763 2436 letum:
861 2391 864 2402 ·

104 2479 141 2526 ιο
156 2455 280 2525 Contra
303 2457 453 2526 Caesaris
471 2461 528 2525 'est
550 2457 657 2524 forum
682 2458 821 2524 taberne

155 2546 294 2634 Scriptis
317 2548 470 2634 postibus
493 2547 570 2614 hinc
593 2551 626 2613 et
648 2547 723 2613 inde
745 2548 841 2633 totis,

153 2635 274 2702 Omnes
297 2643 335 2702 ut
358 2637 424 2702 cito
446 2637 599 2724 perlegas
621 2640 747 2722 poetas.
937 2693 940 2699 .
1031 2701 1033 2704 .

153 2724 252 2790 Illmc
275 2747 327 2791 me
351 2729 434 2810 pete.
481 2724 550 2794 Nec
573 2747 669 2811 roges
692 2725 866 2792 Atrectum

156 2851 195 2862 -·
221 2813 293 2880 Hoc
314 2835 436 2880 nomen
459 2814 609 2880 dominus
632 2814 719 2902 gerit
740 2815 896 2880 tabernae
919 2837 980 2882 -t

105 2921 142 2970 rc
153 2902 204 2969 De
226 2903 332 2989 primo
356 2903 454 2969 dabit
473 2903 618 2970 alterove
639 2903 717 2969 nido

153 2991 279 3058 Rasum
302 2993 430 3076 pumice
453 3014 662 3079 purpuraque
686 2991 810 3058 cultum

152 3080 294 3148 Denaris
318 3080 379 3146 tibi
402 3081 545 3167 quinque
569 3080 766 3170 Martialem.

150 3169 269 3256 „Tanti
291 3192 358 3236 non
382 3169 437 3236 es“
460 3170 531 3236 ais?
555 3169 664 3258 Sapis,
686 3167 841 3256 Luperce.

469 3309 471 3314 ’
543 3309 693 3380 CXVIII.

150 3419 213 3489 Oui
237 3407 361 3506 legisse
385 3420 466 3486 satis
490 3442 557 3486 non
580 3423 632 3485 est
655 3421 894 3507 epigrammata
917 3422 1061 3506 centum,
1199 3455 1202 3460 ·

124 3561 129 3568 .
194 3508 255 3576 Nil
279 3508 331 3574 illi
354 3509 435 3576 satis
459 3513 525 3596 est,
548 3507 753 3594 (lemiciano,
776 3507 875 3574 mali.w
989 3507 991 3518 '
