2610 4048
171 151 217 264 48
379 212 385 218 ·
458 191 540 262 ,u
558 155 642 254 vlu.
661 194 860 252 nannents
912 225 914 228 -
991 212 993 216 ·

614 357 749 425 xxxv.
767 295 830 393 's

216 463 297 533 (lom
322 465 389 532 sint
411 487 506 532 erare
529 464 592 530 tibi
612 464 768 530 simulent
791 485 873 552 qnae
892 485 1015 532 eornue
1037 464 1151 550 lunae,

259 553 300 619 In
322 554 433 640 rhytio
457 558 604 641 poterae,
628 553 774 639 Phoebe,
797 555 907 620 lavare
931 553 1038 639 pedes.

603 693 755 762 xxxvi
783 665 836 737 *s

215 791 362 860 Flectere
385 797 418 860 te
441 792 557 877 nolim,
580 793 637 858 sed
659 813 719 858 neo
743 791 877 858 turbare
902 791 1056 878 capillos3

260 879 436 968 Splendida
460 882 503 948 sit
525 882 618 965 nolo,
641 879 772 947 sordida
794 881 871 948 nolo
895 883 996 966 outis;

215 967 284 1036 Nee
306 971 368 1036 tibi
391 971 563 1036 mitrarum
586 969 712 1050 neesit
734 969 799 1036 tibi
821 969 925 1035 barba
949 991 1092 1036 reorum:

84 1139 86 1142 Ι
259 1057 345 1125 Nolo
369 1059 474 1125 airum
497 1059 649 1142 nimium,
672 1057 860 1143 Pannyohe,
881 1057 960 1125 nolo
984 1080 1108 1144 parum.

189 1145 309 1230 tNuno
332 1151 409 1212 aunt
432 1170 526 1213 crura
549 1148 626 1234 pilis
649 1151 683 1212 et
707 1151 783 1213 eunt
806 1147 869 1212 tibi
891 1149 1025 1232 pectora
1048 1147 1152 1212 saetis
1287 1213 1293 1236 ,

108 1245 109 1248 ’
211 1235 227 1348 l
259 1234 416 1320 Horrida,
439 1236 496 1302 aad
518 1258 610 1302 mens
634 1240 698 1321 est,
721 1235 911 1322 Pannyehe‚
935 1235 1029 1302 volsa
1051 1235 1122 1302 tibi.
1292 1251 1293 1260 ¹

146 1555 154 1563 β
216 1472 381 1560 Quidquid
403 1475 536 1561 ponitur
558 1475 634 1541 hino
657 1479 691 1541 et
712 1474 787 1540 inde
811 1475 929 1560 verris,

116 1617 120 1626 .
214 1561 376 1628 Mammas
400 1563 536 1630 suminis
560 1563 791 1650 imbricemque
815 1563 907 1648 porei
1087 1563 1089 1566 ’

121 1675 122 1678 ’
215 1648 491 1738 Communemque
516 1651 640 1717 duobus
665 1657 867 1738 attagenam,
1011 1651 1012 1656 ’

215 1739 354 1806 Mullum
378 1739 546 1806 dimidium
569 1741 746 1826 lupumque
769 1743 875 1805 totum

188 1827 454 1914 tMuraenaeque
477 1830 564 1894 latus
587 1829 756 1915 femurque
779 1828 863 1914 pulli

216 1915 467 2003 Stillantemque
492 1918 576 1983 aliea
600 1939 658 1982 sua
681 1917 892 2004 palumbum·
1020 1931 1025 1938 ·

214 2005 305 2072 Haeo
328 2029 401 2072 eum
425 2005 555 2072 condita
578 2010 655 2072 sunt
678 2005 829 2072 madente
853 2027 987 2093 mappa,
1073 2004 1075 2008 ’

214 2094 400 2160 Traduntur
422 2117 522 2182 puero
547 2095 679 2160 domum
701 2095 850 2160 ferenda:

215 2181 285 2248 Nos
310 2183 529 2249 accumbimus
554 2184 661 2249 otiosa
684 2185 789 2249 turba.

173 2287 205 2338 lo
215 2270 310 2337 Ullus
335 2272 364 2338 si
385 2272 491 2357 pudor
514 2277 577 2357 est,
599 2293 719 2358 repone
742 2293 870 2338 aenam:

214 2357 294 2426 Cras
317 2362 365 2444 te,
389 2358 584 2446 Caeciliam,
607 2382 673 2425 non
697 2361 819 2426 vocavi.

214 2607 299 2686 uuio
322 2606 403 2673 min
425 2607 540 2672 redeat
563 2501 803 2694 affligis,
822 2607 917 2692 uine,
936 2573 1195 2676 nomentanus?

257 2694 329 2762 Hoe
352 2696 433 2761 mihi
456 2697 563 2762 reddit
586 2717 678 2783 ager:
701 2703 749 2781 te,
771 2696 865 2777 Line,
886 2719 954 2763 non
977 2697 1080 2764 video.

603 2835 753 2904 XXXIX.

131 2965 132 2968 ’
214 2941 352 3010 Coccina
373 2943 520 3010 famosae
543 2943 645 3008 donas
670 2948 702 3009 et
725 2945 875 3010 ianthina
899 2944 1067 3010 moechae:
1148 2951 1149 2954 ’

257 3030 317 3097 Vis
341 3032 418 3099 dare
442 3053 524 3118 quae
548 3033 668 3098 meruit
691 3055 839 3118 munera,
863 3034 958 3099 mitte
981 3038 1104 3121 togam.

644 3173 710 3241 xn.
743 3190 767 3228 a

214 3278 273 3346 Uri
296 3278 466 3365 Tongilius
491 3281 574 3346 male
599 3280 716 3346 dicitur
738 3279 957 3347 hemitritaeo.

257 3364 345 3432 Novi
367 3368 508 3434 hominis
532 3367 677 3434 fraudes:
701 3370 804 3433 esurit
827 3373 926 3453 atque
950 3370 1029 3434 sitit.

214 3451 357 3520 Subdola
380 3458 557 3523 tenduntur
581 3457 701 3524 crassis
722 3479 806 3522 nuno
830 3459 914 3522 retia
937 3459 1054 3539 turdis,

256 3541 384 3616 Hamus
409 3551 441 3610 et
465 3547 499 3610 in
522 3546 661 3612 mullum
684 3545 828 3610 mittitur
852 3551 949 3632 atque
973 3547 1095 3631 lupum.
