2528 4038
136 184 200 252 148
463 179 818 241 pammenius
942 137 945 146 ¹

553 343 731 412 LXXXVI

179 435 326 504 Setinum
349 435 561 520 dominaeque
583 435 673 500 nives
697 431 853 518 densique
875 431 1026 511 trientes,

223 525 359 602 Quando
383 545 444 612 ego
467 543 527 590 vos
551 523 674 590 medico
692 543 759 588 non
776 520 970 606 prohibente
989 521 1130 587 bibam?

180 611 308 681 Stultus
331 619 365 680 et
387 614 537 698 ingratus
559 633 619 678 neo
640 615 734 677 tanto
757 631 889 676 munere
913 609 1046 697 dignus,

225 702 288 780 Qui
310 702 436 768 mavult
458 701 554 768 heres
578 700 687 766 divitis
712 721 783 766 esse
805 697 922 766 Midae.

154 789 351 857 oPossideat
372 789 513 876 Libycas
536 809 659 856 messes
681 787 903 874 Hermumque
922 787 1135 876 Tagumque,

224 879 270 946 Et
293 883 386 966 potet
407 879 549 965 caldam,
573 877 628 964 qui
650 876 732 942 mihi
754 877 847 963 livet,
870 899 997 963 aquam.

546 1007 740 1076 LXXXVII.

179 1095 223 1164 Di
246 1097 308 1164 tibi
332 1099 410 1165 dent
432 1105 466 1166 et
488 1105 538 1179 tn,
561 1098 695 1184 Caesar,
718 1119 928 1184 quaeeunque
951 1079 1104 1164 mereris:

224 1185 268 1252 Di
290 1186 373 1253 mihi
396 1187 475 1254 dent
497 1193 531 1255 et
553 1192 603 1271 tu,
626 1209 709 1274 quae
732 1187 822 1268 volo,
845 1187 875 1252 si
898 1188 1010 1256 merui.

538 1319 748 1386 LXXXVIII.

180 1405 276 1472 Mane
299 1407 439 1474 salutavi
461 1431 539 1476 vero
562 1413 595 1474 te
617 1409 749 1475 nomine
773 1429 865 1493 casu,

224 1493 293 1562 Neo
315 1494 383 1562 dixi
406 1495 586 1580 dominum,
609 1497 806 1580 Caeciliano,
829 1504 949 1563 meum.

181 1583 302 1662 Quanti
324 1584 460 1652 libertas
483 1589 614 1653 constat
635 1587 716 1652 mihi
738 1588 848 1671 tanta,
869 1585 1030 1672 requiris?

225 1671 364 1739 centum
387 1673 584 1760 quadrantes
607 1675 744 1742 abstulit
766 1674 826 1740 illa
849 1674 939 1742 mihi.

556 1804 732 1872 LXXXIX

180 1890 264 1963 Cum
286 1895 412 1979 peteret
435 1916 541 1960 seram
563 1894 669 1959 media
691 1895 758 1959 iam
781 1898 876 1961 noete
898 1895 1069 1962 matellam

224 1981 356 2068 Arguto
379 1982 527 2048 madidus
550 1982 668 2068 pollice
691 1982 885 2069 Panaretus,

182 2068 351 2156 Spoletina
373 2071 451 2136 data
474 2076 537 2156 est,
560 2071 616 2136 sed
640 2093 737 2156 quam
761 2072 941 2139 sinuaverat
962 2073 1047 2158 ipse,

224 2156 293 2224 Nec
316 2158 424 2224 fuerat
447 2159 509 2225 soli
532 2162 604 2225 tota
626 2160 748 2244 lagona
771 2161 862 2228 setis.

154 2245 242 2314 oIlle
264 2247 328 2312 fide
352 2270 477 2313 summe
499 2251 603 2313 testae
627 2269 686 2313 sua
708 2249 785 2314 vina
807 2271 973 2316 remensus

225 2335 376 2401 Reddidit
399 2336 577 2420 oenophori
599 2336 743 2422 pondera
764 2338 863 2422 plena
885 2339 944 2404 sni.

179 2421 325 2509 Miraris,
349 2429 505 2510 quantum
526 2425 668 2510 biberat,
692 2426 815 2511 cepisse
838 2427 1015 2514 lagonam?

223 2511 345 2578 Desine
367 2515 494 2600 mirari,
516 2512 613 2578 Rufe:
637 2535 762 2579 merum
785 2516 923 2582 biberat.

610 2645 679 2714 XO.

37 2795 38 2798 ,
178 2733 353 2801 Moechum
376 2732 482 2800 Gellia
503 2757 569 2800 non
590 2735 692 2802 hebet
714 2735 779 2802 nisi
801 2759 911 2803 unum.

179 2823 286 2930 Turpe
309 2826 361 2889 est
383 2823 445 2890 hoe
468 2825 588 2908 magis:
610 2847 693 2891 uxor
716 2827 767 2891 est
790 2825 935 2892 duorum

602 2955 687 3024 XCI.

181 3041 300 3110 Sancta
324 3042 413 3109 duois
438 3043 555 3110 summi
578 3045 732 3130 prohibet
754 3068 891 3112 censura
913 3051 1066 3134 vetatque

225 3130 401 3198 Moechari.
438 3131 564 3219 Gaude,
588 3133 690 3217 Zoile,
712 3157 778 3202 non
800 3134 912 3202 futuis.

590 3265 690 3333 XCII.

181 3348 334 3416 Caelatus
358 3353 420 3418 tibi
443 3376 516 3419 oum
540 3357 597 3439 sit,
620 3355 783 3441 ¹Anniane,

181 3435 320 3520 Serpens
342 3439 378 3504 in
400 3445 514 3526 patera
536 3443 691 3530 Myronos
716 3450 798 3528 arte,

181 3523 466 3594 Vatioenabibis:
491 3531 577 3596 bibis
601 3554 767 3598 venenum.
