2596 4034
190 171 256 240 174
390 173 429 230 Μ.
446 171 528 230 VAL.
547 170 743 228 mamus
761 167 881 230 EPIGR.
899 171 929 230 la
947 171 1009 230 Vll.

233 333 322 401 Nam
345 357 397 401 ma
420 334 530 422 diligit
552 335 608 400 ille
630 335 881 422 proximumque

173 468 176 472 -
232 423 335 490 Turni
356 423 522 490 nobilibus
547 423 637 510 leget
659 423 789 490 libellis.

234 511 262 579 Ο
286 517 443 600 quantum
466 511 529 578 libi
551 511 693 577 nominis
717 515 864 599 paratur!

173 601 261 668 ‘100
285 623 367 688 quae
391 601 511 686 gloria!
536 623 635 686 quam
658 601 810 686 frequens
834 603 975 669 amator!

150 723 156 732 -
232 689 279 756 'Pe
301 689 464 776 convivia,
486 693 519 754 te
544 689 651 755 lorum
676 691 821 776 sonabit,

232 777 354 863 Aedes,
377 778 534 863 compita,
557 778 717 862 porticus,
740 781 903 846 tabernas.
984 789 987 794 ’

233 865 299 934 Uni
322 866 478 953 milleris,
503 867 653 933 omnibus
676 867 806 954 legeris.
1041 873 1045 880 '

621 984 774 1095 xovln.
812 1011 856 1078 V

138 1183 141 1190 .
234 1130 366 1219 Omnia,
389 1131 521 1219 Castor,
544 1135 639 1200 emis:
663 1133 711 1200 sic
733 1135 804 1220 fiet,
827 1139 865 1201 ul
888 1135 999 1202 omnia
1021 1133 1151 1202 vendas

637 1291 754 1360 xclx
780 1273 823 1338 a

233 1395 287 1466 sic
309 1401 473 1486 placidum
498 1401 607 1468 videas
631 1423 773 1488 semper,
796 1399 959 1488 Crispina,
983 1401 1182 1484 Tonantem,

276 1487 346 1556 Nee
368 1494 401 1556 te
424 1489 531 1556 Roma
554 1491 675 1575 minus,
698 1511 796 1577 quam
819 1495 877 1556 lua
899 1490 1061 1576 Memphis
1084 1493 1194 1574 amal:

233 1574 387 1644 Carmina
409 1577 585 1644 Parrhasia
609 1579 638 1645 si
659 1584 775 1645 nostra
797 1579 948 1665 legentur
969 1579 1004 1645 in
1028 1579 1103 1644 aula

279 1702 320 1714 -
339 1665 490 1754 Namque
514 1669 622 1733 solent
645 1690 737 1734 sacra
760 1665 909 1734 Caesaris
934 1689 1011 1734 aure
1033 1667 1099 1733 frui
1121 1704 1180 1749 -,

207 1753 349 1822 sDieere
373 1755 411 1821 ds
434 1757 543 1840 nobis,
566 1760 603 1821 ul
626 1757 730 1823 lector
754 1757 908 1822 candidus
916 1808 925 1840 ‚
949 1757 1045 1824 aude:

276 1843 510 1930 „Temporibus
534 1849 681 1930 praestat
703 1868 770 1912 non
791 1847 874 1911 nihil
897 1846 961 1912 iste
984 1847 1064 1932 tuis,

233 1931 304 1999 Nee
326 1931 437 2000 Marso
460 1933 597 2000 nimium
620 1933 727 1999 minor
750 1939 801 2000 est
825 1933 983 2021 doctoque
1000 1933 1172 2002 'Catullof‘

277 2019 350 2090 Hoc
373 2023 453 2090 satis
477 2027 539 2090 est:
562 2023 625 2108 ipsi
649 2027 757 2090 celera
780 2023 898 2090 mando
923 2023 991 2090 deo.
1046 2045 1050 2053 ·
