2528 4038
151 227 195 295 ll
323 295 327 307 Ι
481 221 520 280 aa
538 219 620 280 vsu
638 216 838 278 uranum

607 381 708 452 nun.
729 365 749 414 a

194 493 348 566 Centenis
372 493 459 579 quod
483 492 564 558 ernis
586 513 705 578 pueros
729 494 762 556 et
785 510 883 574 saepe
905 486 1052 572 ducenis,

239 583 331 661 Quod
355 582 416 648 sub
440 601 516 666 rege
538 579 650 648 Numa
674 579 805 646 condita
828 579 904 644 rina
927 577 1025 661 bibis,

195 671 288 752 Quod
310 674 440 739 constat
462 669 568 736 decies
591 670 654 735 tibi
675 691 742 735 uon
765 669 912 754 spatiosa
936 665 1101 751 supellex,

241 761 340 828 Libra
364 760 449 846 qued
472 759 603 846 argenti
626 758 717 824 milia
739 758 881 842 quinque
903 755 1006 840 rapit,

170 851 305 920 tAurea
328 847 415 934 quod
437 847 530 913 fundi
552 848 659 933 pretio
682 867 818 929 carruca
839 849 989 930 paratur,
1111 901 1114 906 .

240 935 333 1016 Quod
356 937 460 1022 pluris
483 937 574 1001 mula
597 941 661 1018 est,
684 957 781 1020 quam
801 933 916 1000 domus
935 936 1048 1018 empta
1070 933 1152 998 tibi:
1244 939 1246 977 ¹

196 1025 286 1094 Haec
309 1029 417 1091 animo
439 1046 560 1111 magno
585 1023 688 1090 credis
712 1030 759 1109 te,
783 1021 917 1106 Quinte,
939 1021 1089 1106 parare?-
1234 986 1246 1132 i

125 1201 126 1204 Ἴ
241 1113 392 1182 Falleris:
415 1114 494 1180 haee
517 1113 658 1196 animus,
680 1109 813 1197 Quinte,
835 1110 974 1195 pusillus
998 1111 1087 1176 emit.
1239 1179 1243 1264 ί

1239 1265 1241 1310 l

601 1251 722 1320 nrm.
801 1234 815 1252 “

199 1357 318 1446 Gotile,
341 1359 447 1428 bellus
471 1361 570 1427 homo
593 1382 641 1427 es:
665 1360 776 1426 dieunt
798 1358 872 1442 hoa,
891 1354 1013 1442 (lotile,
1037 1358 1146 1424 multi.

244 1447 363 1515 Audio:
386 1448 442 1515 sed
466 1449 543 1534 quid
566 1449 624 1533 sit,
647 1447 698 1514 die
720 1447 815 1532 mihi,
838 1446 945 1512 bellus
969 1447 1078 1513 homo.

199 1535 328 1622 „Bellus
350 1537 448 1603 homo
473 1543 536 1624 est,
553 1537 654 1602 flexos
673 1535 729 1622 qui
753 1535 872 1622 digerit
890 1534 1003 1600 ordine
1027 1537 1146 1619 crines,
1236 1591 1238 1613 s

244 1623 398 1690 Balsama
419 1625 477 1709 qui
500 1647 640 1710 semper,
662 1626 812 1691 cinnama
836 1645 964 1709 semper
987 1624 1067 1710 olet3
1236 1687 1237 1694 ,

174 1709 335 1780 thnliea
358 1715 413 1800 qui
437 1713 521 1797 Nili,
545 1715 600 1800 qui
623 1713 786 1778 Gaditana
809 1717 972 1798 susurrat,
1116 1767 1118 1770 ,
1235 1695 1237 1755 l

244 1799 307 1877 Qui
330 1807 440 1868 movet
462 1803 496 1868 in
520 1803 626 1868 varios
650 1802 784 1868 brachia
807 1801 901 1868 volsa
923 1801 1051 1886 modos3
1236 1784 1237 1834 l

201 1885 291 1955 Inter
312 1891 469 1956 femineas
492 1895 563 1956 tota
585 1891 641 1977 qui
663 1892 733 1956 luee
758 1889 929 1970 cathedras
1052 1961 1053 1964 Ἴ

244 1977 378 2044 Desidet
400 1984 497 2064 atque
519 1980 629 2065 aliqua
652 2001 780 2066 semper
802 1979 842 2059 iu?
860 1999 938 2046 aure
961 1983 1071 2066 sonat,

201 2062 263 2142 Qui
285 2065 465 2152 legit-'hine
488 2067 580 2134 illine
603 2069 720 2133 missas
745 2069 922 2153 scribitque
945 2068 1099 2153 tabelles3

159 2169 191 2219 ιο
244 2153 351 2220 Pallia
373 2155 472 2220 vieini
495 2158 551 2241 qui
573 2157 694 2242 refugit
717 2157 834 2242 eubiti3

201 2239 263 2318 Qui
286 2242 362 2326 seit,
385 2266 482 2329 quam
506 2245 578 2330 quis
602 2249 702 2332 amet,
725 2245 781 2332 qui
800 2267 858 2330 per
880 2245 1030 2312 convivia
1051 2243 1173 2325 currit,

244 2329 376 2414 Hirpini
399 2336 523 2397 veteres
546 2333 602 2417 qui
625 2333 706 2398 bene
729 2335 823 2400 novit
846 2333 955 2398 aros.“

202 2416 286 2495 Quid
307 2425 442 2484 narras?
460 2422 522 2486 hoe
540 2424 603 2505 est,
621 2419 684 2487 hoe
702 2426 752 2486 est
770 2421 883 2506 horno,
902 2420 1021 2508 Cotile,
1040 2420 1177 2487 bellus?

244 2505 310 2572 Res
331 2509 511 2594 pertricosa
534 2514 598 2595 est,
622 2507 743 2595 Cotile,
766 2509 1003 2577 bellushomo.

603 2667 719 2736 LXIV.

201 2768 331 2836 Sirenas
354 2771 492 2838 hilarem
514 2775 739 2860 navigantium
762 2797 902 2862 poenam

199 2859 406 2945 Blandasque
429 2866 551 2927 mortes
576 2862 795 2949 gaudiumque
819 2863 961 2947 crudele,
1075 2875 1078 2880 “

201 2947 288 3024 Quas
312 2970 407 3014 nemo
432 2951 594 3034 quondam
619 2952 788 3018 deserebat
805 2953 949 3038 auditas,

201 3037 316 3102 Fallax
339 3037 452 3104 Ulixes
476 3039 594 3105 dieitur
617 3042 796 3127 reliquisse.

173 3125 277 3192 aNon
299 3126 413 3192 miror:
437 3128 532 3213 illud,
556 3127 724 3214 (laeetana,
747 3131 898 3216 mirarer,
1015 3151 1017 3154 ·

200 3211 235 3281 Si
257 3214 461 3282 fabulantem
486 3215 623 3284 Canium
646 3220 842 3305 reliquisset.

584 3390 593 3438 ’z
614 3377 713 3445 LXVss

201 3480 293 3558 Quod
318 3484 423 3566 spirat
445 3487 557 3550 tenera
580 3461 706 3550 malum
729 3487 899 3553 mordente
922 3490 1048 3573 puella,

246 3568 341 3645 Quod
363 3571 402 3636 de
426 3569 564 3656 Corycio
588 3594 670 3657 quae
693 3575 782 3640 venit
805 3597 884 3640 aura
907 3597 1018 3662 eroeo;
