2596 4032
178 203 249 278 '278
511 207 550 267 M.
569 207 652 266 VAB.
671 206 872 266 MARTIALIS

651 369 736 438 x01.

225 477 380 545 Aeolidos
403 474 530 544 Canace
553 477 638 544 iacob
660 478 722 544 hoc
745 477 909 544 tumulata
932 477 1094 564 sepulcro,

164 600 169 606 ·
270 565 398 634 Ultima
421 566 473 634 cui
495 589 616 654 parvae
641 568 781 653 septime
803 567 893 634 venit
915 566 1030 632 hiems.

225 655 281 722 Ah
304 656 422 740 scelus,
445 655 488 721 ah
510 655 651 722 facinus!
674 678 830 742 properas
854 656 909 742 qui
932 653 1022 740 flere,
1044 653 1172 739 viator,

270 741 347 811 Non
368 744 445 810 IIceb
467 743 521 810 bic
543 745 631 809 vilae
654 743 694 808 de
717 745 878 810 brevitate
901 744 1007 831 queri:

200 831 366 899 eTristius
389 837 440 899 est
463 833 530 898 lebo
553 832 611 898 leci
635 853 751 918 genus:
773 832 907 898 horrida
930 833 1039 899 vultus

271 920 419 987 Abstulit
441 925 474 986 eb
496 924 609 986 tenero
634 919 718 986 sedit
740 920 775 986 in
799 943 854 986 ore
877 921 961 1005 lues,
1001 939 1005 950 '

225 1008 365 1097 Ipsaque
388 1007 544 1076 crudeles
557 1009 692 1075 ederunt
715 1009 828 1074 oscula
851 1011 970 1094 morbi,

271 1098 341 1164 Neo
364 1098 440 1164 dete
463 1101 541 1163 euni
563 1098 667 1184 nigris
691 1102 762 1164 iota
784 1097 907 1164 labello
929 1099 1027 1184 rogis.
1092 1151 1093 1156 1

227 1184 262 1254 Si
284 1186 550 1272 tempraeoipiti
571 1186 702 1252 fuerent
724 1191 860 1253 ventura
882 1188 1010 1270 volatu,
1113 1217 1115 1222 ’

183 1292 217 1342 10
270 1275 460 1342 Debuerant
482 1277 547 1341 alia
570 1275 640 1342 fata
663 1275 773 1342 venire
795 1277 857 1340 vic.

227 1361 290 1430 Sed
313 1387 401 1431 mors
424 1365 514 1431 vocis
537 1365 599 1429 iter
622 1365 811 1450 properavit
833 1363 962 1430 eludere
985 1361 1139 1444 blandae,

269 1451 321 1519 Ne
343 1457 456 1539 poesei
479 1453 576 1519 duras
600 1451 730 1518 flectere
754 1453 869 1540 lingua
893 1453 979 1519 deas.

638 1593 739 1661 XCII.

225 1699 384 1766 mentitur
407 1700 464 1785 qn
486 1703 519 1766 a
541 1700 710 1784 vitiosum,
733 1699 836 1780 zone,
859 1701 947 1766 erere.

269 1787 347 1856 Non
368 1789 506 1856 vitiosus
530 1789 630 1855 homo
655 1811 703 1872 ee,
726 1787 829 1875 Zoile,
852 1789 908 1856 sed
931 1789 1056 1856 vibium.
1175 1800 1181 1835 1
1286 1788 1287 1801 ¹

631 1944 748 2013 XCIII.

224 2051 351 2118 Pierios
374 2053 458 2119 vebis
482 2051 646 2119 Theodori
668 2053 801 2120 flemma
824 2056 959 2138 penates

270 2140 428 2207 Abstulit.
464 2140 536 2208 Hoc
558 2141 661 2208 Musis
685 2145 718 2208 eb
740 2143 816 2226 ribi,
838 2142 982 2227 Phoebe,
1005 2143 1139 2228 placeb?
1287 2205 1288 2222 p

226 2227 254 2295 Ο
278 2231 397 2314 scelus,
421 2252 440 2296 ο
463 2252 619 2316 magnum
641 2230 769 2296 facinus
793 2231 980 2316 crimenque
1003 2233 1155 2318 deorum,
1287 2231 1288 2286 l

270 2317 346 2385 Non
370 2319 451 2406 ersii
473 2319 597 2404 pariter
620 2320 705 2405 quod
729 2319 842 2386 domus
867 2324 900 2386 cb
923 2321 1087 2386 dominus!
1285 2337 1288 2446 Ι

632 2475 748 2544 XCIV.

227 2582 319 2660 Quod
341 2583 480 2649 nimium
502 2584 584 2650 lives
607 2585 729 2649 nostris
753 2588 786 2650 ct
808 2585 928 2670 ubique
950 2585 1071 2651 libellis
1172 2661 1174 2666 ,

200 2669 224 2742 ,’
271 2671 445 2758 Denaris,
460 2673 610 2760 ignosco:
633 2694 730 2758 verpa
754 2678 865 2759 pocla,
888 2675 986 2760 sepis.
1070 2751 1071 2754 Ἴ

189 2846 193 2850 .
226 2759 298 2827 Hoc
313 2783 441 2846 quoque
455 2783 521 2826 non
535 2783 624 2845 euro,
639 2761 813 2847 quodcum
829 2786 901 2828 mea
912 2763 1057 2829 carmine
1068 2784 1204 2850 carpene,

272 2847 451 2936 Compilas:
476 2854 509 2915 et
532 2849 590 2932 sio,
613 2872 711 2934 verpe
734 2857 846 2936 poeta,
871 2853 967 2936 sapis.

201 2937 313 3004 elllud
337 2961 388 3004 me
411 2939 547 3022 cruciat,
571 2936 711 3024 Solymis
736 2940 822 3024 quod
844 2944 942 3005 nebus
965 2939 1001 3004 in
1023 2938 1105 3024 ipsis

270 3025 425 3092 Paedicas
448 3050 599 3113 puerum,
621 3049 719 3112 verpe
743 3032 852 3113 poeta,
876 3050 993 3093 meum.
1054 3062 1055 3065 ¹

227 3115 311 3182 Ecce
334 3137 436 3203 neges
459 3115 612 3202 iurasque
637 3116 717 3181 mihi
740 3139 798 3202 par
821 3118 945 3200 templa
968 3115 1139 3182 Tonantis.

271 3203 482 3292 Nonlcredo:
504 3205 590 3291 iure,
613 3227 726 3292 verpe,
749 3228 808 3290 per
830 3205 1037 3272 Anchialum.

640 3363 740 3433 XCV.

193 3464 195 3469 ’
228 3471 382 3538 Incideris
407 3472 556 3556 quotiens
579 3471 615 3538 in
638 3472 732 3538 basia
753 3473 956 3555 solimorum,
1078 3495 1079 3498 ¹

271 3560 310 3626 In
334 3561 450 3625 solium
473 3565 555 3646 pute
576 3564 611 3626 be
634 3583 795 3649 mergere,
817 3561 945 3648 Flacco,
969 3564 1075 3648 capul.

1134 2017 1148 2067 i
