2596 4032
191 205 260 272 290
523 203 562 263 n.
581 203 665 261 vlu.
685 201 885 260 ranuncula

195 367 393 446 leQuamvis
416 389 483 435 non
505 368 633 434 modico
657 367 786 434 caleant
810 366 995 451 spectacula
1019 365 1106 449 sole,

281 455 366 523 Vela
388 457 600 542 reducuntur,
623 479 696 524 cum
720 456 810 520 veuit
835 453 1068 542 Hermogenes.

236 544 408 612 Festinant
429 545 550 632 trepidi
575 544 799 630 substringere
823 544 961 611 carbasa
983 549 1116 628 nautae,

282 635 335 701 Ad
358 639 488 720 portum
515 635 666 720 quotiens
689 633 800 718 paruit
823 631 1058 720 Hermogenes.

229 722 381 810 ‚Linigeri
403 723 536 810 fugiunt
559 721 643 789 calvi
667 723 866 808 sistrataque
889 722 1001 806 turba,

192 827 227 878 20
283 811 372 879 Inter
395 813 569 878 adorantes
593 833 665 877 cum
690 811 783 876 stetit
806 809 1040 898 Hermogenes.

236 899 289 966 Ad
303 922 416 969 cenam
429 899 654 987 Hermogenes
673 921 827 984 mappam
845 920 911 964 non
926 899 1038 966 attulit
1052 921 1218 984 unquam,
1254 968 1256 971 ,

254 1023 255 1026 “
280 988 315 1062 Α,
334 1011 413 1056 cena
436 1011 563 1076 semper
585 989 714 1054 rettulit
736 987 972 1076 Hermogenes.
1100 1051 1103 1056 .

649 1145 752 1213 XXX.

237 1251 363 1339 Siccus,
385 1255 514 1322 sobrius
538 1259 590 1320 est
612 1251 716 1340 Aper3
739 1251 817 1338 quid
840 1251 884 1340 ad
905 1253 980 1319 me?
1043 1304 1046 1309 .

238 1341 374 1410 Servum
398 1343 445 1409 sic
468 1365 530 1430 ego
553 1343 666 1428 laudo,
689 1364 754 1408 non
778 1341 928 1408 amicum.

641 1499 759 1566 XXXI.

211 1607 309 1674 ·Hoo
331 1628 461 1691 nemus,
482 1605 518 1671 hi
540 1605 663 1691 fontes,
686 1607 766 1671 haec
790 1605 913 1672 textilis
936 1606 1053 1672 umbra
1077 1607 1192 1692 supini

280 1696 447 1780 Palmitis,
469 1695 533 1760 hoc
555 1697 666 1780 riguae
689 1695 809 1760 ductile
831 1695 952 1761 flumen
975 1718 1092 1782 aquae,

116 1864 117 1867 Ἴ
235 1785 400 1870 Prataque
423 1805 483 1850 nec
505 1783 611 1850 bifero
635 1805 764 1850 cessura
787 1784 913 1850 rosaria
934 1784 1069 1868 Paesto,
1184 1821 1190 1850 ι

236 1955 237 1958 ¹
281 1872 437 1959 Quodque
460 1872 546 1938 viret
568 1872 641 1938 Iani
664 1894 773 1952 mense
796 1893 855 1939 neo
878 1873 969 1960 alget
992 1873 1104 1957 holus,

210 1962 390 2050 oQuaeque
413 1965 508 2027 natat
530 1961 628 2026 clusis
652 1962 799 2048 anguilla
821 1961 1000 2028 domestica
1023 1955 1190 2048 lyrirphis,v
1213 2041 1240 2048 ,-

281 2049 434 2136 Quaeque
458 2050 544 2137 gerit
566 2050 689 2115 similes
713 2049 850 2116 candida
872 2049 973 2116 turris
998 2039 1090 2135 aies,
1145 2039 1157 2090 l

236 2139 371 2208 Munera
394 2142 471 2204 aunt
490 2138 649 2204 dominae:
672 2142 748 2224 post
772 2138 910 2224 septima
931 2139 1036 2205 lustra
1055 2161 1194 2207 reverso

280 2227 350 2294 Has
373 2225 529 2293 Marcella
551 2227 664 2293 domos
688 2249 852 2312 parvaque
875 2249 976 2315 regna
999 2228 1098 2293 dedit.

236 2314 272 2384 Si
294 2316 376 2382 mibi
397 2315 560 2382 Nausicaa
582 2317 709 2401 patrios
732 2316 923 2382 concederet
945 2317 1074 2401 hortos,

193 2423 227 2473 ιο
279 2405 419 2472 Alcinoo
442 2425 573 2492 possem
598 2405 703 2470 dicere
724 2405 832 2490 „Malo
856 2404 974 2471 meos.“

629 2561 766 2630 XXXII.

206 2743 208 2750 ¹
236 2669 443 2736 OIuliarum
467 2669 603 2736 dedecus
626 2667 861 2756 Kalendarum,

235 2758 328 2843 Vidi,
350 2759 507 2842 Vacerra,
531 2759 675 2824 sereInas
698 2763 786 2846 tuas,
809 2759 888 2844 vidi;

236 2846 323 2924 Quas
346 2869 419 2914 non·
435 2851 581 2912 retentas
605 2848 761 2933 pensione
783 2871 843 2934 pro
867 2848 957 2914 bima

235 2936 396 3004 Portabat
418 2959 499 3002 uxor
523 2935 595 3000 rufa
619 2937 761 3002 crinibus
785 2939 936 3021 septem

208 3025 281 3092 ortt
303 3047 377 3092 oum
400 3046 510 3091 sorore
534 3048 615 3091 cana
638 3031 743 3106 mater
765 3025 902 3110 ingenti.

234 3114 349 3180 Furias
372 3113 486 3199 putari
509 3119 604 3180 nocte
627 3112 715 3180 DItis
740 3136 890 3186 emersas.
1013 3183 1014 3186 ,

235 3203 305 3270 Has
328 3206 365 3301 tq
387 3204 512 3288 priores
535 3203 657 3289 frigore
681 3207 714 3268 et
737 3201 823 3268 farne
848 3203 950 3268 siccus

235 3292 281 3358 Et
303 3315 370 3358 nou
392 3293 514 3358 recenti
537 3292 679 3378 pallidus
704 3294 809 3378 magis
833 3292 920 3357 buxo

234 3381 306 3446 Irus
330 3385 460 3446 tuorum
484 3386 668 3467 temporum
692 3381 890 3466 sequebaris.

190 3488 224 3536 10
234 3470 378 3554 Migrare
402 3469 518 3534 olivum
543 3470 686 3536 crederes
711 3471 889 3536 Aricinum.

233 3557 309 3624 Ibat
332 3558 433 3643 tripes
458 3559 613 3644 grabatus
638 3564 671 3626 et
694 3560 788 3646 bipes
812 3580 939 3643 mensa,
1007 3609 1017 3628 .
