2528 4038
301 197 604 257 EPIGRAMMA'I'ON
621 197 689 255 LlB.
709 195 743 255 V.
972 197 1035 262 111

474 361 580 428 XVII.

73 469 147 536 Dum
170 493 313 558 proavos
338 475 518 556 atavosque
541 467 643 536 refers
667 473 701 536 et
723 469 857 536 nomina
880 488 1015 556 magna,

108 559 192 626 Dum
217 561 279 626 tibi
303 563 417 627 nester
440 580 538 644 eques
563 558 693 624 sordida
715 557 861 625 condicio
885 567 948 644 est,

72 647 148 714 Dum
171 656 205 715 te
227 671 326 736 posse
349 669 451 736 negas
475 647 538 714 nisi
562 647 646 732 lato,
670 647 790 734 Gellia,
814 648 907 715 clave

108 736 252 824 Nubere,
274 739 432 826 nupsisti,
456 736 577 822 Gellia,
601 737 757 805 cistiferc.

463 896 586 983 XVIII.

72 1000 155 1078 Quod
178 1005 241 1070 tibi
264 1004 440 1073 Decembri
463 1025 588 1089 mense,
612 1025 676 1090 quo
700 1004 814 1070 volant
838 1024 976 1091 mappae

72 1090 272 1180 Gracilesque
296 1094 420 1180 ligulae
444 1094 591 1179 cereique
616 1093 813 1178 chartaeque

71 1179 110 1245 Et
132 1188 227 1250 acuta
251 1185 383 1250 senibus
406 1186 494 1248 testa
518 1204 591 1248 eum
614 1181 840 1268 Damascenis,

71 1267 197 1338 Praeter
219 1274 350 1339 libellos
374 1272 527 1338 vernulas
550 1271 631 1336 nihil
656 1271 744 1353 misi,

51 1356 217 1428 chrtasse
242 1383 360 1428 avarus
383 1360 494 1428 videar
518 1365 575 1426 aut
598 1359 804 1428 inhumanus.

72 1446 126 1514 Odi
148 1451 278 1517 dolosas
302 1471 474 1518 munerum
498 1454 531 1516 et
554 1449 659 1515 malas
683 1453 785 1514 artas:

71 1533 239 1605 Imitantur
261 1541 377 1606 hamos
400 1540 501 1605 dona:
524 1559 665 1623 namque
690 1539 762 1622 quis
785 1536 903 1624 nescit,

72 1627 206 1694 Avidum
229 1633 348 1696 vorata
371 1628 476 1712 decipi
500 1649 630 1694 scarum
653 1630 786 1693 musca?

72 1713 221 1790 Quotiens
245 1717 350 1784 amice
375 1717 470 1782 diviti
492 1716 575 1782 nihil
599 1716 715 1801 donat,

39 1801 95 1867 100
118 1805 306 1892 Quiutiane,
329 1805 477 1872 liberalis
501 1809 551 1872 est
574 1825 707 1892 pauper.
823 1887 827 1898 Ι

109 1890 120 1941 l
215 1969 217 1971 ’
485 1945 573 2014 XIX.

72 2051 189 2141 Siqua
212 2055 293 2121 fides
316 2055 418 2139 veris,
441 2053 613 2142 praeferri,
636 2053 777 2120 maxime
800 2051 933 2136 Caesar,
1013 2113 1020 2120 .

84 2131 87 2158 '
109 2143 323 2231 Temporibus
346 2147 486 2229 possunt
509 2143 639 2208 saecula
660 2143 754 2208 nulla
776 2142 850 2208 1010.

70 2229 200 2308 Quando
224 2233 331 2318 magis
355 2233 472 2320 dignos
496 2231 590 2298 licuit
613 2235 759 2316 spectare
783 2229 991 2318 triumphos?

110 2323 247 2400 Quando
271 2321 415 2388 Palatini
438 2321 512 2406 plus
536 2342 682 2386 meruere
706 2319 780 2386 dei?

49 2408 234 2478 5Pulcbrior
258 2414 291 2477 01
313 2411 419 2478 maior
442 2431 506 2496 quo
530 2410 589 2474 sub
614 2408 692 2474 duce
716 2407 837 2475 Martia
859 2407 986 2475 Roma?

110 2499 174 2566 Sub
199 2522 263 2586 qno
286 2500 423 2566 libertas
446 2500 592 2585 principe
614 2502 710 2564 tanta
732 2497 833 2564 fuit?¹

69 2587 127 2654 Est
141 2595 252 2656 tamen
271 2589 333 2657 hoe
351 2589 482 2671 vitium,
502 2587 558 2653 sed
576 2608 643 2653 non
661 2587 744 2670 leve,
764 2586 808 2652 sit
826 2587 903 2654 lieet
915 2581 1035 2669 unum,

111 2678 201 2756 Quod
226 2679 306 2745 eclit
327 2679 476 2764 ingratas
499 2698 624 2764 pauper
647 2675 818 2742 amicit-ias.

70 2765 144 2842 Quis
167 2769 308 2855 largitur
331 2789 410 2852 opes
433 2767 535 2832 veteri
559 2764 687 2850 fidoque
711 2763 830 2849 sodali,

36 2867 61 2917 10
110 2856 176 2922 Aut
198 2879 295 2944 quem
319 2856 530 2943 prosequitur
551 2874 617 2919 nen
641 2853 765 2918 alienus
790 2851 910 2941 eques?

71 2940 299 3012 Saturnaliciae
323 2946 462 3030 ligulam
485 2944 613 3009 misisse
638 2941 778 3008 selibrae
862 2974 863 2978 ¹

107 3033 133 3100 E
157 3036 318 3102 lamnisve
341 3033 426 3121 Tagi
448 3033 592 3120 seripula
614 3033 687 3098 tota
710 3031 821 3097 decem

69 3121 205 3191 Luxuria
228 3127 293 3208 001,
314 3124 497 3210 tumidique
520 3125 639 3188 vocant
664 3119 745 3186 haec
771 3141 906 3187 munera
928 3141 1036 3209 reges:

107 3212 168 3292 Qui
193 3217 305 3301 crepet
328 3212 493 3296 aureolos,
515 3210 657 3278 forsitan
679 3231 763 3275 unus
787 3211 858 3276 erit.

36 3311 59 3363 lc
68 3299 230 3384 Quatenus
254 3301 289 3368 hi
312 3323 377 3369 non
402 3307 492 3380 0001,
515 3306 586 3367 0010
609 3303 659 3384 10,
682 3297 816 3384 Caesar,
840 3297 978 3365 amicus:

106 3391 209 3459 Nulla
233 3392 323 3458 ducis
347 3393 453 3457 virtus
477 3389 604 3456 dulcior
627 3409 697 3454 esse
720 3391 840 3472 potest

67 3477 130 3548 Iam
154 3482 278 3548 dudum
301 3482 404 3547 tacito
428 3481 529 3557 rides,
553 3477 758 3563 Germanice,
781 3498 875 3562 naso,
991 3529 994 3534 .

14 3589 15 3592 ’
105 3569 196 3659 Utile
220 3570 307 3658 qued
329 3569 427 3637 nobis
451 3570 492 3638 do
516 3569 580 3636 tibi
603 3566 784 3634 consilium.
