2596 4032
193 171 268 238 ’302
529 165 567 222 Μ.
585 163 670 222 VAL.
689 159 889 218 MARTIALIS

219 332 381 402 oNullum
405 329 585 397 sollicitant
607 328 702 412 haec,
720 325 847 410 Flacca,
871 326 1056 392 toreumata
1077 321 1204 405 furem,

290 421 335 488 Et
356 419 493 486 nimium
516 418 629 485 calidis
651 439 719 482 non
742 415 899 480 vitiantur
922 414 1024 498 aquis.

246 510 343 593 Quid,
367 507 453 594 quod
477 529 589 574 securo
612 509 707 592 potat
730 504 868 570 conviva
890 502 1055 580 ministre,

290 597 337 664 Et
359 619 470 662 casum
493 595 651 662 tremulae
674 616 740 660 non
763 595 902 658 timuere
925 589 1063 656 manus?

246 685 318 754 Hoc
337 707 464 772 quoque
486 707 553 752 non
575 684 658 750 nihil
677 687 740 766 est,
759 681 846 768 quod
864 679 1055 766 propinabis
1074 677 1110 743 in
1131 678 1220 762 istis,

205 795 237 844 lo
289 773 501 860 Frangendus
525 774 623 840 luerit
646 771 674 838 si
697 771 773 856 tibi,
795 766 924 856 Flacca,
947 768 1040 834 calix.

644 910 773 979 nxxu
786 875 843 944 γ’
899 951 902 956 -

246 1013 394 1080 Festinat
415 1011 595 1097 Polytimus
620 1011 661 1077 ad
682 1009 823 1095 puellas3
938 1051 939 1054 =
1005 1069 1013 1078 a

246 1103 371 1168 Invitus
394 1123 530 1187 puerum
553 1101 674 1166 latetur
696 1097 849 1184 Hypnus3
905 1107 906 1110 ’

246 1191 363 1257 Pastas
388 1191 506 1275 glande
527 1193 621 1255 nates
644 1188 744 1252 habet
768 1185 946 1271 Secundum

246 1279 358 1346 Mollis
381 1278 563 1363 Dindymus
586 1281 650 1359 est,
672 1275 729 1342 sed
751 1297 821 1341 esse
844 1296 911 1341 nou
933 1273 1015 1354 vult3

221 1368 413 1453 allmphion
436 1368 544 1452 potuit
567 1365 677 1452 puella
699 1364 798 1430 nasci.

247 1455 373 1522 Horum
396 1455 528 1520 delicias
551 1453 799 1540 superbiamque

247 1544 291 1612 Et
314 1544 418 1609 fastus
442 1543 607 1628 querulos,
630 1542 742 1625 Ante,
765 1541 883 1624 male,v

196 1643 203 1652 '
247 1631 351 1708 Quam
375 1631 460 1712 dotis
483 1631 564 1696 mihi
588 1630 758 1716 quinquies
781 1628 912 1696 ducena.

634 1769 781 1836 LXXVI.
1190 1798 1196 1836 a

247 1868 418 1954 Amphora
441 1868 575 1956 vigeam,
598 1867 726 1934 modius
750 1867 846 1933 datur
869 1853 1151 1953 aerequaterno„

291 1957 412 2024 Ebrius
435 1962 469 2024 et
492 1957 623 2042 crudus,
646 1957 690 2021 nil
714 1956 815 2022 habet
838 1956 992 2043 agricola.
1151 2017 1164 2067 ι

627 2095 790 2164 LXXVII.

247 2195 360 2262 Multis
383 2195 459 2262 dum
482 2194 632 2280 precibus
654 2193 766 2260 Iovem
790 2195 911 2260 salutat

247 2283 344 2351 Stans
368 2305 511 2350 summos
534 2283 704 2368 resupinus
727 2305 829 2368 usque
852 2283 887 2349 in
909 2305 1035 2372 ungues

247 2373 377 2438 Aethon
399 2373 434 2438 in
457 2370 620 2457 Capitolio
643 2371 783 2456 pepedit.
880 2446 883 2452 Ι

246 2461 402 2526 Riserunt
424 2460 586 2546 homines,
608 2461 664 2525 sed
687 2461 757 2545 ipse
781 2459 890 2526 divum

220 2549 396 2616 eOffensus
420 2549 563 2635 genitor,
586 2549 765 2615 trinoctiali

247 2638 366 2704 affecit
389 2637 568 2704 domicenio
591 2638 751 2703 clientem.

246 2725 326 2792 Post
348 2727 410 2792 hoc
433 2727 595 2813 flagitium
618 2727 763 2792 misellus
787 2725 934 2812 Aethon,

247 2811 328 2880 Cum
352 2815 422 2880 vult
443 2815 478 2880 in
501 2813 699 2898 Capitolium
721 2815 845 2899 venire,

246 2900 351 2968 Sellas
375 2907 450 2968 ante
473 2904 556 2987 petit
579 2901 804 2972 Patroclianas
909 2977 911 2980 ¹
1009 2947 1010 2950 κ

204 2990 293 3058 roEt
314 2991 405 3077 pedit
428 2991 596 3076 deciesque
618 2990 790 3076 viciesque,
1042 3073 1043 3078 ἵ

246 3079 309 3146 Sed
332 3081 481 3165 quamvis
504 3079 567 3145 sibi
591 3080 715 3146 caverit
734 3079 910 3167 crepando,

246 3166 447 3286 Comprpssis
470 3169 601 3235 natibus
624 3168 735 3236 lovem
759 3170 889 3235 salutat.

617 3309 797 3377 LXXVIII.

244 3406 300 3474 Nil
324 3409 359 3474 in
381 3413 413 3476 tc
437 3409 567 3496 scripsi,
590 3408 773 3491 Bithynice.
811 3407 950 3474 Credere
964 3372 1039 3474 hon
1061 3409 1110 3473 vis

289 3495 335 3561 Et
356 3497 464 3564 iurare
487 3499 602 3565 iubes?
639 3497 728 3562 Malo
753 3499 949 3564 satisfacere.
1004 3549 1005 3552 ,
