2596 4032
379 191 845 292 ae1aauumrouu1a.xn
1057 237 1123 305 289

147 395 241 474 Quod
263 419 330 462 non
355 419 375 462 a
397 397 505 484 prima
528 397 708 462 discurram
730 397 801 463 luce
824 417 884 482 per
905 398 1020 466 urbem

191 485 237 552 Et
260 485 400 552 referam
424 486 531 552 lassus
555 487 649 552 basia
672 485 762 552 mille
787 485 929 552 domum.

118 573 211 640 sSed
235 580 285 659 tu,
309 574 480 661 purpureis
503 579 542 641 ut
565 575 621 641 des
643 597 729 640 nova
751 575 885 641 nomina
908 576 1003 643 lastis

190 665 261 730 Aut
282 663 468 732 Nomadum
493 669 607 752 gentes
632 663 901 752 Cappadocumve
924 687 1035 754 regas:

146 753 194 818 At
217 754 312 838 mihi,
336 775 433 839 quem
456 755 546 841 cogis
571 754 694 819 medios
719 755 911 840 abrumpere
935 777 1067 822 somnos

191 843 237 908 Ht
260 844 458 908 matutinum
482 842 567 909 ferre
590 843 724 929 patique
747 843 867 930 lutum,

147 931 231 1009 Quid
254 932 400 1018 petitur?
437 931 550 1018 Rupta
573 955 646 998 oum
670 955 728 1020 pes
750 953 854 1018 vagus
878 933 946 998 exit
969 933 1073 1014 aluta,

100 1037 136 1086 10
192 1021 238 1086 Et
261 1021 390 1088 subitus
414 1043 542 1087 crassae
565 1021 685 1087 decidit
707 1022 812 1086 imber
836 1043 938 1106 aquae
1027 1071 1030 1080 .

145 1109 215 1176 Neo
238 1112 328 1175 venit
351 1111 470 1176 ablatis
493 1111 654 1177 clamatus
677 1133 777 1176 verna
800 1110 954 1195 lacernis,

192 1199 328 1265 Aoeedit
349 1199 493 1286 gelidam
517 1221 629 1265 servus
654 1199 694 1264 ad
718 1200 911 1284 auriculam,

145 1287 191 1352 Et
214 1287 342 1373 „Rogat
364 1293 402 1353 ut
424 1309 535 1354 seeum
558 1309 653 1354 oenes
676 1285 871 1354 Laetorius“
892 1288 1009 1375 inquit.

191 1377 321 1464 Viginti
343 1377 509 1443 nummis?
532 1399 597 1442 non
621 1399 698 1464 ego:
721 1378 809 1442 malo
832 1377 968 1462 famem,

99 1466 254 1544 15Quam
278 1468 322 1531 sit
345 1465 543 1552 caremihi,
566 1467 629 1530 tibi
652 1467 697 1530 sit
719 1467 888 1552 provincia
911 1488 1048 1548 meroes,

190 1556 238 1622 Et
259 1555 418 1622 laniamus
441 1554 528 1620 idem
551 1577 610 1620 nee
634 1577 817 1622 mereamur
838 1555 933 1622 idem.

544 1686 681 1755 XXVH.

144 1789 175 1852 A
198 1787 384 1852 latronibus
408 1805 479 1852 esse
502 1787 536 1850 te
559 1785 701 1852 fututam
829 1763 835 1856 l

144 1876 250 1966 Dicis,
274 1873 403 1950 Saenia:
428 1873 485 1939 sed
506 1879 631 1962 negant
653 1875 807 1944 latrones.
831 1917 836 1958 :

536 2015 691 2084 XXVIII.

135 2097 229 2183 'Poto
254 2137 315 2204 ego
340 2123 521 2197 sextantes,
544 2119 581 2180 tu
604 2119 715 2202 potas,
739 2113 1031 2200 Cinna,deunaes:

87 2239 89 2242 ·
190 2205 236 2271 Et
259 2209 404 2290 quereris
429 2209 516 2296 quod
538 2227 618 2290 non,
642 2203 760 2290 Cinna,
783 2205 934 2271 bibamus
956 2205 1065 2272 idem?

144 2445 370 2530 Hermogenes
394 2450 509 2512 tantus
532 2467 740 2531 mapparum,
762 2444 787 2528 's
809 2443 956 2529 Pontiae,
978 2443 1032 2510 fur
1054 2450 1117 2529 est,

190 2533 338 2611 Quantus
360 2557 568 2605 nummorum
591 2537 659 2620 vix,
682 2539 776 2618 putu,
798 2533 908 2598 Massa
931 2533 1007 2619 fuit3

74 2699 78 2705 .
144 2623 195 2689 Tu
218 2624 296 2688 lieet
320 2625 472 2690 observes
497 2626 644 2690 dextram
667 2627 843 2708 teneasque
867 2621 1049 2707 sinistram,

188 2711 352 2798 Inveniet,
374 2735 529 2799 mappam
553 2733 617 2798 qua
639 2711 767 2776 ratione
790 2710 915 2776 trahat:

114 2800 302 2870 acervinus
326 2802 468 2889 gelidum
493 2803 605 2868 sorbet
627 2801 674 2866 sie
695 2800 820 2865 halitus
843 2821 999 2888 anguem,

189 2889 329 2958 Casuras
353 2892 420 2957 alte
444 2889 492 2957 sio
514 2890 603 2976 rapit
624 2888 687 2954 Iris
712 2911 824 2974 aquas.

143 2979 258 3065 Nuper
281 3003 355 3047 eum
378 2979 508 3066 Myrino
531 2983 698 3066 peteretur
721 2978 834 3044 missio
857 2978 962 3066 laeso,

189 3067 351 3136 Subduxit
374 3091 511 3156 mappas
534 3071 690 3156 quattuor
711 3065 951 3156 Hermogenes;

67 3231 70 3234 ,
144 3157 314 3226 Cretatam
338 3163 471 3244 praetor
494 3179 567 3224 eum
591 3157 691 3222 vellet
714 3156 846 3223 mittere
870 3179 1037 3244 mappam,
1141 3177 1145 3182 ’

96 3267 133 3317 10
189 3247 339 3314 Praetori
362 3269 517 3333 mappam
541 3246 669 3332 surpuit
692 3245 925 3332 Hermogenes.

142 3338 313 3404 Attulerat
336 3359 489 3423 mappam
512 3357 622 3421 nemo,
645 3335 721 3400 dum
744 3334 835 3401 furta
857 3335 1028 3402 timentur:
1147 3385 1151 3390 .

155 3451 157 3454 ·
187 3427 325 3493 Mantile
349 3449 367 3492 e
391 3447 504 3491 mensa
527 3425 656 3511 surpuit
677 3424 910 3511 Hermogenes.

141 3515 216 3583 Hoo
240 3537 368 3602 quoque
392 3515 421 3581 si
445 3514 560 3600 deerit,
584 3514 708 3580 medios
733 3513 917 3600 discingere
939 3513 1042 3592 leatus

186 3604 441 3692 Mensarumque
463 3604 562 3691 pedes
586 3625 653 3671 non
675 3603 772 3670 timet
793 3599 1029 3689 Hermogenes.

149 3719 233 3765 Hans.
258 3745 259 3748 =
921 3713 955 3764 19
