2528 4038
310 201 605 266 EPIGRAMMATON
625 202 699 260 ue..
712 203 760 260 VI.
983 205 1047 272 143

82 362 157 448 „Sed
170 369 280 432 tanuen
293 365 356 433 hoo
369 365 506 468 longum
518 365 596 434 est“
610 364 703 434 Solet
713 365 776 435 hoe
786 351 922 454 quoque,
932 367 1047 454 Tucca,

122 540 154 609 Si
176 543 327 610 breviore
350 456 648 630 prppqqtqquficha
672 546 744 614 sole
766 546 867 634 leges.

62 627 255 699 stouveniat
276 633 387 718 nobis,
410 639 447 700 ut
469 634 521 700 fas
545 636 782 722 epigrammate
805 637 906 721 longe

123 719 170 787 Sit
190 723 333 788 transire
356 723 432 809 tibi,
456 724 610 810 seribere,
633 725 753 810 Tucca,
776 724 867 790 mihi.

479 873 596 943 LXVI.

83 965 193 1035 Famae
215 991 283 1036 non
304 969 442 1038 nimium
465 972 571 1040 bonae
594 973 751 1060 puellam,

84 1056 194 1133 Quales
217 1059 254 1124 in
276 1059 384 1127 media
407 1059 520 1128 sedent
543 1059 684 1148 Subura,

82 1145 245 1214 Vendebat
268 1149 364 1216 modo
388 1172 506 1236 praeeo
531 1149 709 1218 Gellianus.

81 1234 178 1302 Parvo
202 1259 276 1304 cunr
299 1239 405 1324 pretio
429 1239 484 1304 diu
507 1239 633 1324 liceret,

61 1323 160 1391 eDum
182 1349 299 1412 puram
323 1329 413 1413 eupit
437 1329 620 1414 approbare
643 1329 782 1415 eunetis,
861 1345 868 1355 ·

81 1415 220 1482 Attraxit
244 1438 344 1501 prope
367 1438 402 1482 se
426 1439 525 1482 manu
548 1422 723 1504 negantem
832 1453 835 1457 ›

80 1502 120 1568 Ilt
140 1504 191 1570 bis
214 1509 329 1590 terque
353 1509 532 1592 quaterque
555 1506 706 1572 basiavit.

80 1591 157 1669 Quid
179 1592 356 1680 profecerit
379 1595 505 1679 oseulo,
528 1595 690 1681 requiris?

81 1680 244 1750 Sescentos
269 1683 363 1750 modo
388 1685 443 1768 qui
468 1683 579 1769 dabat,
602 1683 746 1771 negavit

79 1929 139 1998 Cur
161 1935 291 1998 tentum
315 1832 625 1999 eunuchoshidiidae
646 1894 706 1998 tua
728 1930 853 2019 Caelia,
876 1935 1019 2022 quaeris,

118 2019 315 2112 Pennyehe?
340 2022 412 2087 vult
434 2021 521 2086 futui
544 2019 656 2086 Caelia
678 2041 736 2087 nea
759 2043 892 2107 perere..

200 2151 202 2155 ’
460 2160 610 2228 LXVIII.

78 2259 162 2328 Flete
185 2259 278 2328 nefas
301 2264 460 2342 vestrum,
483 2261 540 2325 sed
564 2263 635 2326 toto
659 2259 734 2326 flete
756 2259 910 2345 Lucrino,

24 2411 25 2414 ,
116 2351 253 2429 Naides,
276 2353 309 2415 et
331 2349 438 2416 luotus
463 2350 583 2414 sentiat
605 2350 677 2432 ipse
699 2347 823 2416 Thetis.

78 2437 161 2506 Inter
184 2440 325 2506 Baianas
348 2442 463 2524 raptus
485 2459 567 2524 puer
590 2437 707 2503 oceidit
729 2439 832 2506 undas
876 2447 880 2456 '

115 2529 285 2614 Eutychus
308 2528 378 2612 ille,
401 2531 509 2611 tuum,
523 2525 692 2610 castrice,
715 2527 808 2594 dulce
830 2528 929 2601 latus.

61 2613 133 2686 effla
154 2619 216 2684 tibi
240 2639 390 2682 curarum
415 2617 521 2682 socius
544 2615 763 2701 blandumque
785 2617 949 2706 levamen,
1080 2639 1087 2708 j

115 2706 178 2773 Hie
201 2728 308 2790 amor,
330 2706 385 2770 hio
407 2706 513 2772 nostri
535 2705 624 2771 vatis¹
644 2703 756 2770 Alexis
781 2710 860 2772 eret.

79 2792 237 2881 Numquid
260 2801 293 2860 te
316 2795 430 2860 vitreis
453 2797 574 2861 nudum
598 2793 722 2859 lascive
745 2794 805 2858 sub
831 2795 924 2862 undis

115 2885 209 2952 Vidit
232 2887 265 2950 et
288 2882 423 2949 Aloidae
446 2883 592 2970 nymphe
614 2882 742 2948 remisit
764 2881 897 2968 Hylan?
1083 2939 1088 2952 ,,

81 2971 123 3040 An
146 2975 207 3040 dee
228 2971 406 3038 femineum
428 2973 494 3038 iem
517 2971 664 3058 neglegit
682 2969 995 3057 Hermaphroditum
1087 2971 1089 3032 1

51 3069 73 3120 1⁰
115 3063 276 3148 Amplexu
299 3063 402 3128 teneri
427 3062 605 3128 sollicitata
627 3059 711 3126 viri?
1087 3095 1090 3104 2

82 3147 233 3239 Quidquid
242 3151 276 3216 id
291 3155 351 3236 est,
361 3151 488 3217 subitae
504 3171 712 3238 quaeeunque
727 3152 777 3214 est
791 3171 888 3216 causa
897 3152 1041 3239 rapinae,

117 3240 178 3326 Sit,
200 3263 328 3328 precor,
351 3245 385 3306 et
407 3240 505 3307 tellus
529 3239 620 3306 mitis
645 3243 678 3305 et
700 3237 787 3304 unda
809 3239 880 3306 tibi.

475 3381 591 3448 LXIX.

81 3471 151 3546 Non
166 3481 280 3565 miror,
304 3480 391 3566 quod
414 3484 510 3567 potat
532 3503 650 3566 aquarn
674 3483 733 3545 tua
754 3477 873 3564 Bessa,
897 3475 1039 3546 Getulle:

24 3585 25 3588 ’
116 3567 227 3658 Miror,
251 3571 337 3659 quod
360 3569 458 3638 Bassi
479 3570 548 3636 filia
570 3575 664 3657 potat
688 3591 814 3656 equam.
