2610 4048
521 906 706 981 macodo.

186 1153 380 1234 Quamquam
396 1156 655 1236 Schneidewinus,
669 1155 757 1219 cuius
775 1156 932 1238 lectiones,
948 1159 1125 1242 ubicunqne

31 1282 35 1288 -
90 1251 243 1324 poteram,
266 1247 390 1326 retinui,
414 1248 538 1328 egregie
555 1245 709 1308 Martialis
733 1247 954 1326 epigrammata
976 1251 1124 1332 restituit,

90 1345 198 1395 tamen
217 1355 278 1396 non
296 1337 409 1397 mirem
428 1343 484 1416 est,
503 1342 575 1416 post
592 1338 663 1415 plus
682 1337 813 1417 triginta
830 1355 925 1399 annos
945 1357 1005 1400 non
1024 1359 1124 1418 pauca

86 1425 189 1485 'finisse
213 1425 402 1504 corrigenda.
441 1425 507 1498 Quo
531 1427 563 1486 in
587 1427 712 1506 negotio
731 1425 918 1487 conficiendo
936 1446 1122 1508 magnopere
1167 1443 1181 1453 ·

89 1513 220 1575 adiutus
249 1534 316 1576 sum
344 1520 381 1578 L.
405 1520 676 1590 Friedlaenderl,
703 1515 764 1578 viri
791 1515 880 1576 unice
913 1516 950 1578 de
978 1517 1122 1581 Martiale

86 1604 210 1682 meriti,
238 1603 378 1666 doctrina
407 1612 439 1667 et
466 1606 670 1686 benignitate,
694 1605 749 1684 qui
770 1625 832 1668 non
859 1606 960 1668 solum
985 1607 1017 1667 in
1040 1625 1122 1670 com·

87 1694 335 1754 mentationibus
363 1694 545 1756 academicis
573 1700 605 1756 et
632 1695 665 1755 in
692 1695 822 1756 historia
848 1715 968 1756 morum
992 1689 1123 1780 (Sitten-

88 1783 267 1862 gesohichte
285 1779 393 1860 Roms)
417 1787 517 1846 multa
535 1785 687 1846 Martialis
707 1786 930 1864 epigrammata
948 1791 1005 1848 aut
1023 1806 1122 1849 anen-

88 1873 179 1934 davit
207 1878 262 1934 ant
290 1874 512 1953 interpretatus
543 1867 637 1958 est¹)‚
662 1875 832 1936 sedetiam
859 1894 915 1952 per
936 1876 1058 1937 litteras
1086 1878 1124 1939 de

86 1963 253 2040 permultis
277 1983 325 2024 me
349 1964 481 2034 edocuit,
506 1970 537 2026 et
559 1963 765 2043 interroganti
782 1963 859 2025 mihi
881 1966 1123 2043 respondenset

87 2053 129 2114 de
161 2053 237 2112 meis
271 2053 466 2130 opinionibus
499 2053 607 2116 subtili
640 2054 753 2116 iudicio
784 2054 961 2116 existimans
989 2059 1021 2116 et
1049 2073 1121 2117 snas

87 2141 284 2221 aliorumque
309 2135 453 2224 (maxime
476 2137 612 2226 Munroi)
636 2145 827 2205 coniecturas
851 2163 911 2205 non
933 2162 1048 2222 paucas
1072 2163 1121 2207 co-

86 2231 183 2292 miter
213 2250 334 2294 mecum
366 2234 606 2294 communicans:
638 2235 803 2294 maximam
835 2233 934 2314 igitur
966 2234 994 2294 ei
1026 2233 1120 2296 debeo

87 2321 233 2400 gratiam.
296 2318 299 2322 ’

182 2415 452 2486 orthographiae
459 2403 487 2496 ²)
502 2413 547 2474 ita
560 2429 666 2474 curam
679 2410 782 2490 habui,
796 2415 834 2473 ut
851 2430 950 2491 nequa
965 2411 1004 2473 ad
1022 2413 1119 2474 mani·

85 2503 172 2561 festa
201 2501 399 2562 librariorum
429 2502 541 2562 menda
572 2502 685 2563 reverti
710 2520 812 2580 neque
839 2506 954 2564 temere
984 2522 1003 2562 a
1030 2501 1118 2564 libris

86 2589 243 2652 discedere
266 2591 387 2662 vellem.
429 2593 600 2670 Aliqua-nto
623 2591 749 2652 liberior
767 2591 813 2651 tui
836 2592 869 2652 in
892 2591 935 2652 eis
959 2591 1118 2654 vocabulis

87 2678 271 2759 scribendis,
299 2693 431 2760 quorum
458 2687 544 2742 recta
570 2681 670 2742 torma
696 2700 733 2741 ex
761 2681 1013 2760 inscriptionibus
1041 2682 1117 2744 satis
1233 2719 1237 2728 ·

87 2776 230 2850 apparet,
252 2771 444 2850 maximeque
471 2771 504 2832 in
526 2769 684 2834 vocalibus
709 2785 743 2849 c,
767 2786 829 2850 ae,
853 2785 907 2833 oe.
953 2771 1118 2834 Praeterea

87 2861 175 2920 nolui
198 2879 235 2921 ax
257 2861 345 2921 libris
368 2861 493 2938 optimis
517 2875 539 2924 ο
556 2879 612 2941 pro
631 2859 679 2923 oh
697 2861 844 2938 recipere:
868 2860 935 2922 iure
953 2880 1021 2923 meo
1039 2861 1117 2924 mihi

162 3069 187 3132 1)
206 3067 289 3122 Nunc
306 3066 406 3138 prodit
422 3066 638 3124 Friedlaenderi
657 3065 747 3122 aditio
766 3065 923 3136 Martialis,
942 3067 1023 3122 cuins
1042 3083 1117 3124 eom·

88 3139 236 3204 mentatio,
251 3157 425 3209 quamquam
443 3156 500 3197 non
518 3140 550 3194 in
564 3139 694 3210 exemplo
708 3137 851 3194 Martialis
867 3155 885 3193 a
897 3155 943 3194 mc
957 3138 1120 3198 constituto,

86 3212 184 3266 tamen
202 3211 234 3266 in
251 3211 305 3266 hae
323 3211 505 3282 praefatione
522 3211 708 3267 retractanda
722 3227 812 3281 usqne
826 3210 864 3265 ad
877 3209 962 3266 finem
980 3210 1049 3266 libri
1063 3211 1117 3268 Vll

86 3281 132 3338 nti
170 3282 240 3338 otni

148 3301 186 3424 Id)
205 3353 328 3410 Uberius
343 3353 567 3427 orthographiae
581 3354 724 3411 rationem
733 3353 847 3410 reddidi
860 3354 891 3408 in
900 3351 1116 3410 Friedlaenderi

83 3424 213 3482 editione
235 3425 378 3482 Martialis
402 3428 460 3498 lp.
477 3433 633 3496 ros-119,
657 3427 708 3483 nbi
730 3441 805 3496 quae
829 3425 864 3481 de
887 3424 1008 3496 singulis
1027 3423 1116 3480 Plinii

79 3497 167 3552 libris
182 3497 277 3566 attuli,
293 3497 388 3554 Caroli
401 3499 551 3570 Mayhotlii
564 3497 740 3570 benignitati
755 3497 854 3553 debeo.
864 3530 899 3539 —
914 3497 947 3552 ln
964 3497 1019 3552 hac
1033 3513 1114 3624 frae-

77 3569 203 3626 tationis
222 3573 319 3641 parte,
338 3588 397 3640 qua
415 3571 451 3627 de
469 3571 554 3627 rebus
574 3571 657 3626 ortho
694 3569 804 3641 aphieis
824 3569 946 3639 dissero,
965 3585 1015 3625 eos
1047 3584 1114 3625 ocos

77 3659 155 3712 quoa
175 3641 199 3698 Τ
217 3642 307 3699 babet
325 3641 473 3714 asterisco,
492 3658 541 3700 eos
560 3659 631 3713 quos
695 3641 786 3698 habet
804 3657 887 3698 cruce
904 3641 1013 3699 notavi

911 3729 949 3784 ὃ*
