2596 4032
149 221 151 225 -
187 183 254 254 258
450 131 486 232 '.
517 186 556 244 u.
574 185 655 244 vna
674 159 873 242 maniacis
929 239 930 242 a

232 347 334 416 Poma
357 349 444 442 quod
466 349 604 416 hiberna
626 349 879 416 maturescentia
902 346 1014 436 capsa,

277 436 406 505 Arbore
428 438 516 525 quod
538 461 638 504 verna
661 438 845 526 luxuriosus
870 460 962 524 ager3

205 525 282 594 oDc
304 525 465 592 Palatinis
489 525 639 594 dominae
663 527 749 612 quod
773 525 882 593 Serica
904 527 1020 613 prelis,
1100 581 1101 584 ,

277 613 397 682 Sucina
419 613 568 702 virginea
591 615 677 702 quod
700 615 847 702 regelata
870 637 983 702 manu,

187 652 403 830 ahmphora
424 704 511 790 quod
533 704 634 791 nigri,
658 703 714 770 sed
737 705 849 792 longe,
871 703 977 770 fracta
1000 703 1144 788 Falerni,

189 797 190 800 ’
277 791 370 869 Quod
395 791 451 878 qui
474 789 619 858 Sicanias
644 791 767 859 detinet
788 793 904 858 hortus
927 815 1019 877 apes3

233 879 328 959 Quod
351 877 462 946 Cosmi
485 881 632 947 redolent
655 882 823 948 alabastra
846 881 975 966 focique
999 881 1146 966 deorum,

187 984 222 1035 ιο
277 967 371 1047 Quod
394 968 491 1036 modo
516 968 671 1037 divitibus
694 971 789 1056 lapsa
811 992 931 1038 corona
954 969 1068 1036 comis:
1290 1039 1291 1060 2

56 1053 83 1084 ²
233 1055 291 1124 Sin
315 1057 471 1144 ula'quid
495 1057 623 1124 dicam?
645 1081 713 1125 non
735 1063 811 1125 sunt
834 1059 929 1144 satis3
955 1059 1065 1124 omnia
1088 1057 1205 1124 misce:
1290 1063 1291 1144 ζ

275 1079 636 1238 ticos-ragrantpueri
659 1148 751 1236 basia
775 1143 869 1214 mane
893 1147 971 1236 mei,
1152 1155 1153 1158 ’
1290 1157 1291 1172 *

232 1231 321 1302 Scire
344 1229 436 1322 c'upis
458 1232 599 1302 nomen?
619 1233 662 1302 ''si'
675 1237 809 1323 propter
831 1231 939 1321 basia,
962 1237 1076 1303 dicam.

275 1321 570 1390 lurastianimium
593 1325 688 1411 scire,
713 1324 845 1412 Sabine,
868 1326 969 1412 cupis.
1111 1372 1116 1379 -

666 1465 722 1532 1x.
755 1439 808 1504 rs

98 1562 104 1572 ’
231 1566 348 1636 Clarus
370 1567 486 1636 fronde
508 1569 609 1653 Iovis,
632 1572 772 1638 Romani
793 1571 882 1638 fama
906 1571 1071 1660 cothurni,

276 1656 389 1744 Spirat
412 1659 549 1746 Apellea
571 1660 716 1726 redditus
741 1665 810 1726 arta
832 1660 968 1728 Memor.

677 1801 758 1868 X.t‘

91 1961 96 1969 .
232 1903 382 1974 Contulit
404 1904 444 1972 ad
468 1911 597 1972 saturas
619 1907 767 1996 ingentia
790 1913 923 1994 pectora
946 1908 1083 1976 Turnus.
1132 1894 1134 1898 ἵ

277 1992 343 2062 Our
365 2016 431 2061 non
455 1995 496 2061 ad
517 1995 672 2063 Memoris
695 1998 862 2064 carmina?
899 1996 1014 2064 Frater
1037 2009 1115 2064 crat

666 2121 758 2203 Xl’e'

166 2229 175 2340 ξ
233 2240 341 2327 Tolle,
364 2263 457 2328 puer,
481 2243 596 2309 calices
619 2243 785 2330 tepidique
806 2248 991 2312 toreumata
1013 2245 1084 2313 Nili

170 2341 175 2360 ¹
275 2329 322 2394 Et
345 2330 426 2396 mihi
450 2353 560 2398 secura
583 2333 701 2418 pocula
723 2334 815 2399 trade
839 2357 936 2400 manu

233 2417 326 2484 Trita
340 2423 480 2504 'patrum
502 2421 604 2486 labris
628 2423 780 2488 attonso
803 2445 886 2508 pura
909 2424 1074 2511 ministr03

157 2509 166 2586 ,ἒ
276 2507 441 2593 Antiquos
464 2509 584 2574 mensis
608 2509 801 2576 restituatur
823 2512 936 2578 honor.

152 2587 160 2668 ἶ
205 2595 277 2662 oTe
300 2600 414 2680 potare
438 2597 529 2664 decet
553 2619 695 2684 gemma,
719 2601 773 2684 qui
797 2599 947 2666 Mentora
968 2601 1094 2688 frangis
1164 2604 1172 2612 “

79 2745 84 2748 .
276 2683 316 2750 In
339 2685 508 2774 scaphium
531 2687 696 2772 moechae,
720 2685 966 2777 Sardanapalle,
989 2695 1074 2756 tuae.

656 2828 729 2894 XII.
757 2827 778 2872 Ψ

230 2913 286 3001 Ius
310 2934 372 2999 tibi
394 2937 547 3000 natorum
570 2935 622 3001 vel
645 2941 784 3021 septem,
807 2936 908 3024 Zoilo,
932 2939 1039 3024 detur,

270 3023 363 3089 Dum
386 3026 523 3088 matrem
546 3045 642 3092 nemo
666 3025 721 3090 det
743 3026 819 3112 tibi,
841 3048 936 3094 nemo
959 3033 1097 3114 patrem.

647 3165 737 3232 XIII.
749 3156 778 3224 ,a

232 3269 386 3354 Quisquis
410 3269 604 3339 Flaminiam
627 3274 721 3356 teris,
744 3275 865 3360 viator,

230 3357 311 3424 Noli
332 3359 441 3425 nobile
464 3363 639 3446 praeterire
662 3385 814 3429 marmor.

231 3447 331 3513 Urbis
356 3447 489 3516 deliciae
513 3452 662 3537 salesque
685 3451 769 3536 Nili,

187 3559 189 3563 ⁷
231 3534 296 3599 Ars
320 3538 352 3600 ot
377 3539 498 3624 gratia,
522 3541 612 3606 lusus
636 3545 670 3608 et
691 3541 857 3627 voluptas,
