2596 4032
373 218 672 276 EPIGRAMMATON
689 219 758 276 LIB.
778 219 839 276 XII.
1049 219 1115 285 285

1223 356 1238 392 0

577 382 635 451 IX.

140 487 257 554 Palma
280 488 367 576 regit
388 493 535 574 nostros,
559 489 731 556 mitissime
755 485 888 574 Caesar,
911 485 1067 574 Hiberos,

185 577 232 642 Et
255 579 383 662 placido
407 577 488 644 fruit
473 583 526 644 tur
549 603 612 664 pax
636 577 809 665 peregrina
831 577 918 664 iugo.

141 666 297 752 Ergo
257 689 298 731 av
300 667 384 732 imus
408 667 526 733 laatit
511 672 604 733 ttanc
627 690 687 755 pro
711 687 845 732 munere
869 670 993 754 grates:

165 721 307 820 Misisti
283 761 438 821 tmores
462 757 496 821 in
520 757 593 823 loca
616 761 731 823 nostra
753 761 838 822 tuos.

536 888 538 894 ’
589 893 630 962 Χ.

141 1001 253 1067 Habet
275 1002 451 1070 Africanus
475 1004 596 1088 milies,
619 1008 729 1069 tamen
752 1005 872 1088 captat.
911 981 915 986 ¹

140 1089 288 1157 Fortuna
311 1093 425 1158 multis
449 1093 505 1158 dat
528 1093 640 1176 nimiS,
663 1093 744 1157 satis
768 1091 861 1156 nulli.

141 1356 318 1423 Parthenio
343 1358 407 1444 dic,
430 1357 576 1442 Musa,t
561 1361 618 1423 tuo
641 1359 820 1442 nostroque
844 1359 997 1424 salutem·

187 1445 274 1512 Nam
299 1447 371 1532 quis
396 1448 437 1513 ab
461 1409 577 1514 Aonio
593 1445 718 1532 largius
743 1469 838 1518 amne
861 1447 967 1512 bibit?
1098 1518 1100 1522 Α
1184 1519 1185 1522 ¹
1270 1519 1273 1524 ,

142 1533 242 1600 Cuius
266 1535 414 1622 Pimpleo
437 1535 511 1620 lyra
534 1535 652 1601 clarior
676 1535 742 1600 exit
728 1535 807 1599 tab
832 1536 949 1601 antro?

188 1621 290 1700 Quem
313 1625 388 1710 plus
411 1625 520 1690 Pierio
543 1625 583 1689 de
607 1645 706 1726 grege
729 1621 881 1688 Phoebus
905 1623 1017 1690 amat?

114 1713 188 1779 cEt
174 1713 240 1778 tsi
262 1713 408 1779 forte-
430 1714 486 1778 sed
508 1713 622 1778 hoc
591 1735 646 1777 vix
669 1717 720 1776 est
742 1735 933 1798 sperare—
954 1711 1097 1790 vacabit,

187 1801 311 1866 Tradat
333 1802 403 1867 ut
393 1823 463 1886 rpse
487 1801 561 1866 duci
584 1801 729 1866 carmina
752 1803 828 1866 nost
829 1824 880 1885 ra,
902 1822 998 1888 roga,

143 1888 305 1968 Quattuor
320 1895 353 1956 et
372 1895 444 1956 tant
445 1913 500 1956 um
520 1891 735 1980 timidumque
755 1891 949 1980 brevemque
968 1890 1113 1954 libellum

188 1977 400 2045 Commendet
422 1977 540 2045 verbis
552 1977 707 2064 „Hunct
708 2001 750 2043 ua
692 1975 886 2044 tRoma
900 1977 1010 2066 legir‘

111 2151 119 2187 ¹
477 2151 483 2160 '
570 2135 643 2202 XII.

142 2243 262 2309 Omnia
284 2241 466 2328 promittis,
490 2265 563 2320 cum
585 2247 658 2310 tota
681 2206 776 2308 nocte
798 2242 926 2326 bibisti3

187 2332 282 2398 Mane
305 2331 390 2396 nihil
412 2335 572 2416 praestas.
612 2331 734 2417 Pollio,
757 2351 852 2396 mane
875 2331 960 2396 bibe.
1028 2338 1034 2342 ”

560 2491 653 2558 ΧΙΠ.

124 2597 267 2683 Genus,
290 2598 409 2684 Aucte,
433 2598 516 2665 lucri
539 2598 655 2662 divites
678 2596 802 2662 habent
824 2595 922 2662 iram:

141 2685 271 2772 Odisse,
296 2709 395 2772 quam
417 2686 555 2774 donare,
577 2686 685 2774 vilius·
700 2689 838 2752 constat

560 2843 650 2911 XIV.

139 2950 277 3017 Parcius
300 2950 418 3037 utaris,
441 2973 571 3034 moneo,
594 2950 742 3035 rapiente
765 2951 897 3038 vered0‚

185 3039 310 3124 Prisce,
333 3061 393 3106 nec
415 3039 451 3104 in
472 3040 601 3124 lepores
618 3043 695 3104 ‘tam
717 3039 879 3106 violentus
903 3063 968 3108 eas.

142 3128 247 3213 Saepe
271 3129 434 3194 satisfecit
455 3128 595 3212 praedae
617 3133 769 3215 venator,
792 3133 825 3194 et
847 3131 914 3196 aeri

169 3217 319 3282 “Decidit
343 3239 510 3300 excussus,
532 3239 592 3282 nec
614 3217 791 3302 rediturus,
815 3240 906 3304 equo.

111 3305 340 3373 cInsidicst
306 3309 340 3372 et
362 3328 495 3390 campus
518 3305 631 3370 habet.
623 3329 631 3344 ·
605 3311 712 3371 tnec
735 3306 826 3372 fossa
848 3329 908 3373 nec
931 3329 1032 3394 agger

186 3395 256 3462 Nec
280 3397 347 3461 sint
370 3418 448 3460 saxa
471 3395 561 3480 licet,
533 3395 698 3460 tfallere
721 3396 822 3479 plana
845 3397 962 3461 solent.

141 3483 219 3550 Non
243 3483 346 3550 deerit
370 3485 426 3570 qui
449 3487 579 3550 tantat
565 3485 626 3550 tibi
649 3490 738 3570 spect
726 3485 835 3550 iacula
858 3488 1015 3570 praestet,

185 3573 314 3639 Invidia
336 3573 399 3649 fati
423 3573 479 3640 sed
502 3573 622 3640 leviore
646 3574 748 3639 cadat.
