2528 4038
259 739 261 746 ’
311 697 316 702 ”
395 763 422 816 .·
466 747 513 823 u
542 744 942 847 aususausus

394 902 1005 1048 nfflrruanuunnou
1136 895 1142 904 ·

419 1115 439 1136 .-
603 1075 739 1144 LIBER
761 1075 802 1145 V.
866 1145 879 1154 „

239 1363 312 1431 Hoc
334 1363 410 1448 tibi,
433 1362 602 1429 Palladiae
625 1383 683 1428 seu
706 1361 844 1428 collibus
867 1363 969 1428 uteris
993 1361 1111 1445 Albae,

178 1486 183 1495 ·
285 1451 419 1536 Caesar,
441 1455 475 1516 et
497 1451 573 1518 hine
596 1450 741 1517 Triviam
765 1451 939 1538 prospicis,
962 1450 1036 1516 inde
1054 1450 1195 1534 Thetin,

228 1538 303 1629 'Seu
325 1545 383 1606 tua
408 1539 564 1606 veridicae
588 1539 716 1606 diseunt
739 1559 897 1624 respousa
917 1560 1062 1623 sorores,

284 1627 386 1694 Plana
409 1628 586 1694 suburbani
610 1649 674 1712 qua
697 1626 795 1694 cubat
817 1628 904 1692 unda
926 1627 1016 1712 freti,
1151 1699 1152 1702 Ἴ

214 1714 304 1782 assu
327 1716 437 1801 placet
459 1717 588 1781 Aeneae
611 1716 736 1798 nutrix,
759 1737 816 1780 seu
838 1715 908 1781 filia
931 1713 1029 1798 Solis,

286 1801 360 1868 Sive
383 1804 560 1869 salutiferis
584 1802 739 1870 candidus
762 1803 876 1869 Anxur
899 1805 1005 1889 aquis,

240 1891 416 1977 Mittimus,
439 1913 459 1958 ο
482 1913 590 1958 rerum
612 1889 692 1956 felix
715 1892 819 1956 tutela
842 1892 1007 1978 salusque,

285 1977 415 2065 Sospite
439 2000 502 2065 quo
526 1983 656 2066 gratum
680 1980 839 2046 credimus
862 2001 933 2046 esse
955 1979 1076 2050 Iovem.

161 2093 163 2097 ’
239 2067 289 2134 'I'u
311 2072 441 2133 tentum
465 2068 615 2152 accipias:
639 2087 700 2154 ego
724 2071 757 2132 te
780 2068 900 2154 legisse
923 2069 1046 2153 putabo

197 2173 230 2223 10
284 2155 331 2222 Et
353 2155 498 2222 tumidus
521 2155 619 2222 Galia
642 2155 833 2222 credulitate
854 2157 955 2222 fruar.
1026 2179 1028 2183 ·

678 2313 722 2380 11.

238 2419 409 2486 Matronae
431 2420 587 2506 puerique
610 2421 830 2508 virginesque,

239 2507 343 2574 Vobis
366 2510 488 2595 pagina
510 2515 624 2574 nostra
645 2509 820 2577 dedicatur.

238 2595 301 2680 Tu,
325 2617 420 2681 quem
443 2597 607 2681 nequitiae
630 2598 833 2682 procaciores

239 2683 411 2748 Delectant
433 2685 569 2766 niarium
593 2687 740 2770 salesque
763 2687 855 2772 nudi,

213 2770 398 2836 oLasciros'
417 2771 489 2857 lege
514 2777 667 2857 quattuor
689 2774 831 2840 libellos:

238 2857 377 2933 Quintus
401 2881 473 2924 cum
496 2859 628 2926 domiuo
651 2861 734 2928 liber
756 2863 897 2948 iocatur3

241 2945 344 3021 Quem
368 2945 578 3014 Germanicus
602 2970 657 3014 ore
680 2973 746 3015 non
768 2951 900 3018 rubenti

239 3031 356 3098 Coram
380 3031 535 3122 Cecropia
559 3037 649 3124 legat
672 3038 790 3123 puella.

668 3195 729 3265 ΙΙΙ,

238 3295 357 3365 Accola
379 3298 446 3366 iam
468 3305 599 3368 nostrae
622 3303 738 3391 Degis,
761 3302 968 3390 Germanice,
990 3305 1096 3392 ripae,

280 3387 311 3451 A
334 3385 466 3455 famulis
490 3390 597 3456 Histri
620 3393 675 3478 qui
698 3393 760 3458 tibi
783 3393 873 3458 venit
896 3394 1002 3480 aquis,

238 3473 356 3542 Laetus
380 3481 413 3543 et
436 3480 596 3545 attonitus
620 3483 690 3548 viso
715 3482 811 3547 modo
835 3482 983 3566 praeside
1006 3481 1120 3548 mundi

281 3562 422 3634 Adfatus
446 3567 580 3635 comites
604 3569 722 3638 dicitur
746 3591 817 3638 esse
840 3592 930 3638 suos:
