2528 4038
355 199 655 258 EPIGRAMMATON
672 199 740 258 ΙιΙΒ.
758 201 807 258 ΙΙΙ.
1048 203 1090 270 'll

130 363 172 428 Et
192 368 339 448 quartum
363 363 482 430 recitas
506 370 539 431 et
563 366 712 452 quintum
736 363 875 451 deniquo
897 367 1024 452 βρῶμα.

170 452 300 518 Putidus
325 457 390 537 est,
413 455 534 520 totiens
559 457 587 521 si
611 455 692 522 mihi
715 454 811 542 ponis
835 475 960 541 aprum.

18 591 19 612 ,
129 539 215 617 Quod
237 542 264 606 si
286 563 352 606 non
376 542 536 610 scombris
560 546 719 611 scelerata
741 549 894 630 poemata
916 543 1032 630 donas,

90 644 120 694 ιο
171 628 303 697 Cenabis
327 629 417 697 solus
441 631 521 718 iam,
543 633 713 721 Ligurine,
737 633 834 700 domi.
904 649 918 724 'p

512 855 514 860 .
557 793 611 870 LI.

18 883 20 904 ²
128 893 204 960 Cum
225 894 341 962 faciem
364 896 477 982 lando,
500 921 574 966 cum
597 899 699 965 miror
722 920 817 964 crura
840 917 1034 986 manusque,

168 984 293 1070 Dicere,
317 983 429 1070 Galla,
452 977 537 1054 soles
561 986 676 1071 „Nuda
698 988 834 1074 placebo
858 988 998 1076 magis,“

18 1075 20 1084 ’
126 1071 169 1138 Et
190 1093 315 1160 semper
336 1075 422 1140 ritas
446 1076 631 1142 communia
653 1077 772 1142 balnea
794 1076 898 1143 nobis.

18 1165 20 1198 l
119 1232 121 1235 ,
167 1160 343 1248 Numquid,
367 1161 475 1246 Galla,
499 1167 610 1252 times,
631 1188 673 1232 ne
697 1166 759 1231 tibi
781 1187 849 1232 non
870 1165 1039 1253 placeam?

548 1324 619 1392 LlI.

126 1427 241 1515 Empta
264 1430 380 1497 domus
404 1430 513 1498 fuerat
536 1431 612 1516 tibi,
635 1431 842 1519 Tongiliane,
866 1431 1027 1498 ducentis:

167 1519 314 1584 Abstulit
336 1520 421 1586 hanc
442 1521 581 1587 nimium
605 1541 699 1587 casus
722 1523 756 1587 in
779 1523 859 1587 urbe
882 1521 1042 1607 frequens.

18 1609 19 1660 1
127 1603 284 1672 Collatum
308 1612 360 1674 est
382 1609 496 1676 decies.
534 1610 642 1696 Roga,
664 1631 731 1676 non
754 1615 847 1696 potes
869 1609 940 1696 ipss
963 1610 1067 1678 videri

166 1694 348 1762 Incendisse
371 1700 476 1784 tuam,
499 1697 708 1786 Tongilium,
731 1697 884 1765 domum?

443 1857 812 1946 ‚nm-.-e

188 1964 278 2030 vultu
302 1969 451 2050 poteram
474 1968 532 2032 tuo
555 1987 664 2031 carere

18 2129 19 2136 ἵ
98 2109 102 2136 ,
189 2053 273 2119 collo
298 2055 511 2140 manibusque
534 2051 745 2140 cruribusque

188 2143 339 2208 mammis
361 2143 557 2228 natibusque
581 2141 807 2230 clunibusqne,

153 2234 179 2311 t,
199 2251 240 2296 ne
264 2231 396 2317 singula
418 2231 569 2317 persequi
591 2231 752 2317 laborem,

101 2315 205 2384 clota
226 2324 260 2386 te
283 2324 447 2404 poteram,
470 2318 585 2405 Obloe,
608 2340 725 2385 carere.

540 2453 665 2544 mv!

125 2579 200 2652 (lum
220 2585 298 2653 dare
315 2607 383 2653 uon
400 2585 523 2669 possim
538 2583 626 2669 quod
642 2583 762 2667 poscis,
777 2581 886 2670 Galla,
900 2589 1090 2673 rogantem,

165 2673 270 2743 Multo
294 2673 489 2762 simplicius,
512 2671 620 2756 Galla,
642 2693 763 2760 negare
785 2679 887 2760 potes.

549 2828 618 2897 LV.

125 2933 211 3012 Quod
234 2961 426 3026 quacunque
449 2937 554 3020 venis,
572 2933 727 3005 Oosmum
746 2935 888 3022 migrare
911 2943 1066 3028 putamus
1101 2958 1104 2964 '
1186 2946 1190 2950 ’

164 3027 207 3093 El
228 3029 327 3094 fluere
350 3049 485 3094 excusso
509 3027 661 3092 cinnama
683 3026 756 3090 fusa
780 3028 880 3112 vitro,

125 3109 204 3182 Nolo
227 3116 410 3204 peregrinis
433 3117 564 3203 placeas
588 3115 663 3200 tibi,
687 3113 809 3199 Gellia,
831 3115 938 3202 nugis.

165 3201 247 3284 Scis,
270 3209 364 3292 puto,
386 3228 483 3293 posse
507 3226 616 3270 mcum
639 3203 685 3268 sic
708 3203 790 3268 bene
813 3203 899 3269 olere
923 3225 1045 3271 canem.
1167 3271 1171 3274 .

540 3363 625 3432 LVI.

125 3461 170 3535 Sit
193 3472 333 3538 cisterna
355 3472 451 3558 mihi,
475 3494 574 3557 quam
596 3471 704 3554 vinea,
728 3468 812 3533 malo
836 3467 1025 3554 Ravennae,
1114 3511 1116 3514 -
1169 3491 1173 3498 ·

164 3558 245 3648 (lum
267 3562 393 3650 possim
416 3562 520 3628 multo
543 3560 680 3626 vendere
703 3558 806 3642 pluris
829 3577 956 3641 aquam.
1095 3611 1098 3618 .
