2528 4038
313 211 615 270 EPIGRAMMATON
633 211 701 268 LIB.
720 211 767 270 IV.
1009 213 1051 278 91

67 371 148 438 oSed
169 378 204 442 tu
225 395 343 442 nomen
366 374 470 442 hebes
494 394 608 444 averso
632 375 724 444 fonte
746 399 897 444 sororum

128 460 333 549 Impositum,
357 469 463 530 mater
486 465 572 550 quod
595 466 658 532 tibi
682 465 762 532 (lure
786 465 889 552 dedit3

93 551 181 626 Quod
197 574 254 618 neo
272 551 490 640 Melpomene,
512 554 599 640 quod
616 576 675 620 nee
694 553 912 642 Polyhymnia
929 553 1036 640 possit

131 638 196 706 Neo
218 641 272 728 pin
294 664 368 707 enm
392 641 525 708 Phoebo
549 642 655 709 dicere
679 640 835 730 Calliope.
902 678 905 712 ι

91 727 175 813 Ergo
197 729 328 816 aliquod
353 734 485 818 gratum
508 729 611 798 Musis
635 731 699 798 tibi
721 754 841 798 nomen
864 731 999 818 adopta:

60 831 85 878 u
134 815 206 883 Non
227 839 355 904 semper
378 821 462 886 belle
485 820 604 886 dicitur
626 820 880 910 „Hippodame.“

20 983 23 1032 Ι
94 1071 134 1138 Et
154 1073 231 1141 latet
254 1079 287 1141 et
309 1077 398 1143 lueet
420 970 662 1144 Phaetnhbiiiide
685 1077 817 1145 condite
840 1080 948 1164 gutte,

132 1159 175 1227 Ut
197 1164 344 1231 videatur
367 1166 438 1252 spis
461 1171 593 1232 nectare
616 1167 707 1232 elusa
730 1187 798 1232 suo.
845 1207 849 1214 -

95 1247 227 1336 Dignum
250 1257 419 1320 tantorum
442 1255 585 1340 pretium
609 1255 688 1321 tulit
710 1255 768 1322 ille
791 1255 956 1320 laborum:

133 1337 288 1408 Credibile
312 1345 363 1410 est
385 1343 492 1428 ipsam
516 1343 563 1410 sio
587 1343 730 1410 voluisse
754 1343 847 1410 mori.
909 1379 911 1384 ,

471 1493 624 1561 XXXIII.

94 1594 185 1664 Plena
206 1599 367 1666 laboratis
389 1599 512 1666 habeas
536 1623 608 1666 eum
633 1600 754 1666 scrinis
776 1599 885 1686 libris,

20 1695 22 1702 ’
133 1685 262 1754 Emittis
284 1709 399 1774 quere,
423 1687 609 1775 Sosihiane,
630 1689 738 1755 nihil?

20 1829 21 1836 ,
94 1772 209 1856 ,Edent
229 1777 384 1844 heredes“
405 1779 514 1864 inquis
536 1801 629 1864 „mea
651 1776 824 1846 earmina.“
856 1775 1016 1855 Quando?

20 1913 21 1920 .
117 1863 269 1952 tTempus
293 1869 363 1932 eret
386 1867 451 1932 iam
475 1871 520 1952 te,
545 1865 729 1952 Sosibiene,
752 1863 827 1954 legi.

471 2006 622 2075 XXXIV.

20 2085 21 2118 ³
91 2108 225 2179 'Sordida
244 2135 317 2179 eum
340 2113 403 2178 tibi
426 2114 483 2196 sit,
505 2135 619 2179 verum
642 2117 765 2195 temen,
784 2110 912 2192 Aetate,
935 2109 1032 2195 dixit,
1072 2160 1078 2168 .

134 2199 283 2288 Quisquis
305 2206 339 2267 te
361 2201 492 2268 niveam
515 2201 598 2267 dixit
620 2201 741 2266 hebere
764 2205 887 2288 togam.

482 2340 615 2408 XXXV.
696 2397 705 2406 .
813 2333 817 2340 ’

94 2445 260 2516 Frontibus
283 2450 428 2517 adversis
452 2450 568 2515 molles
591 2469 781 2515 concurrere
804 2447 951 2516 dammas

133 2537 281 2605 Vidimus
305 2543 339 2612 et
359 2539 422 2604 fati
446 2543 534 2604 sorte
555 2537 660 2604 iacere
683 2539 765 2621 pari.

95 2623 277 2712 Spectavere
299 2649 395 2695 canes
418 2625 599 2713 praedamp
611 2626 800 2711 stupuitque
823 2626 982 2712 superbus

132 2712 289 2802 Venator,
312 2717 417 2784 cultro
440 2717 488 2781 nil
511 2736 681 2801 superesse
704 2735 773 2780 suo.

75 2801 177 2871 sUnde
198 2805 289 2872 leves
310 2805 413 2872 animi
437 2809 530 2871 tanto
554 2804 680 2870 ualuere
702 2801 837 2868 furore?
961 2807 966 2818 '

132 2890 183 2962 Sio
203 2899 357 2982 pugnent
378 2895 479 2979 tauri,
502 2893 549 2959 sio
572 2891 716 2958 cecidere
739 2889 811 2956 viri.

333 3045 334 3048 ’
474 3031 624 3100 XXXVI.

20 3111 21 3120 .
97 3139 173 3209 Ceus
186 3129 237 3209 est
250 3099 356 3210 barba
369 3143 446 3228 tibi,
458 3143 555 3230 nigre
569 3145 620 3207 est
635 3160 741 3206 come:
755 3139 905 3224 tinguere
916 3138 1054 3205 barbam

133 3230 204 3298 Non
213 3235 307 3318 potes
319 3269 361 3281 -
371 3231 453 3298 haee
463 3253 561 3298 eausa
571 3235 670 3296 est-
680 3233 713 3294 et
727 3232 830 3314 potes,
841 3225 909 3314 Ole,
919 3249 1055 3294 comam.

465 3371 632 3439 XXXVII.

99 3476 237 3560 „Centum
262 3477 411 3547 Coranus
434 3482 468 3545 et
492 3478 630 3545 ducente
652 3475 836 3560 Mancinus,
1034 3553 1036 3560 Ι

99 3566 240 3636 Trecenta
262 3569 362 3636 debet
383 3567 504 3655 Titius,
526 3568 589 3634 hoo
613 3567 663 3634 bis
686 3565 842 3646 Albinus,
891 3635 895 3643 ,
