2596 4032
359 223 656 282 EPIGRAMMATON
675 223 743 282 LIB.
761 223 822 284 ΧΠ.
1034 225 1098 292 303

498 362 665 456 ‘uxum

124 485 252 552 Donavi
277 486 339 552 tibi
364 485 482 572 multa,
506 509 588 574 quae
612 488 752 576 rogasti3

124 575 254 641 Donavi
278 575 339 642 tibi
362 577 472 661 plura,
495 600 595 663 quam
618 578 759 667 rogasti:

123 663 201 730 Non
224 685 332 730 cessas
356 669 468 731 tamen
490 689 592 752 usque
617 689 668 734 mc
691 687 816 752 rogare.

124 753 281 840 Quisquis
304 755 352 820 nil
375 757 489 842 negat,
512 755 676 842 Atticille,
698 755 801 822 sallat

527 897 655 966 om

122 991 175 1059 Ne
198 993 311 1060 laudet
333 993 463 1081 dignos,
488 997 602 1062 laudat
625 995 836 1063 Callistratus
861 1015 982 1060 omues.

169 1080 232 1149 Oui
255 1082 362 1150 malus
385 1089 437 1151 cst
458 1105 569 1170 nemo,
592 1087 665 1172 quis
688 1085 793 1152 bonus
817 1104 889 1150 csse
911 1085 1040 1170 potest?

515 1235 662 1305 LXXXI.

122 1329 266 1396 Brumae
290 1331 403 1397 diebus
426 1331 580 1418 feriisque
605 1331 737 1400 Saturni

32 1476 39 1496 ,
121 1418 282 1484 Mittebat
305 1419 430 1486 Umber
454 1422 606 1488 aliculam
630 1423 711 1488 milri
735 1442 869 1508 pauper3

121 1506 222 1574 Nunc
243 1509 348 1576 mittit
370 1511 501 1578 alicam:
524 1511 630 1578 factus
654 1515 705 1578 est
727 1511 814 1577 enim
838 1509 936 1576 dives.

508 1653 671 1720 Lxxxn

120 1749 278 1838 Effugere
302 1751 337 1815 in
361 1744 499 1818 thermis
523 1756 557 1818 et
579 1751 665 1816 circa
687 1747 806 1817 b'alnea
827 1773 894 1817 non
916 1753 967 1816 est

170 1838 386 1926 Monogenem
410 1840 501 1906 omni
524 1843 561 1905 tu
584 1839 662 1905 licet
684 1844 754 1905 arte
777 1839 867 1905 velis.

120 1925 281 2012 Captabit
303 1929 449 2014 tepidum
473 1929 588 1994 dextra
610 1928 767 2014 laevaque
791 1928 973 2014 trigonam„
1090 1979 1092 1983 .

169 2015 314 2102 Imputat
337 2022 487 2103 acceptas
510 2023 548 2083 ut
571 2017 632 2082 tibi
656 2039 753 2104 saepo
776 2017 869 2103 pilas.

90 2103 269 2191 aOolliget
292 2110 325 2172 et
346 2106 467 2172 referet
489 2106 601 2172 laxum
625 2105 664 2170 de
687 2107 821 2192 pulvere
843 2105 970 2190 follem,

167 2192 215 2258 Et
237 2194 266 2260 si
288 2195 355 2260 iam
377 2195 478 2278 lotus,
502 2195 567 2262 iam
592 2195 734 2261 soleatus
758 2195 828 2260 erit.

118 2282 241 2348 Lintea
264 2285 293 2348 si
317 2306 439 2368 sumes,
462 2283 538 2350 nive
560 2284 748 2350 candidiora
770 2284 934 2370 loquetur,

169 2370 245 2438 Sint
266 2372 345 2438 licet
366 2372 502 2438 infantis
526 2373 708 2439 sordidiora
731 2373 813 2439 sinu.

118 2460 270 2546 Exiguos
295 2465 383 2527 secto
407 2466 588 2528 comentem
612 2463 708 2527 dente
732 2461 868 2546 capillos

72 2567 107 2617 ιο
167 2547 265 2615 Dicet
287 2549 453 2616 Achilleas
477 2551 674 2636 disposuisse
698 2571 817 2616 comas.

118 2638 285 2706 Fumosae
309 2638 393 2715 feret
415 2640 486 2724 ipse
509 2639 621 2724 tropin
645 2640 684 2704 de
706 2637 796 2704 faece
819 2639 970 2723 lagonae,

167 2727 300 2792 Frontis
323 2733 356 2793 et
378 2750 525 2794 umorem
548 2728 684 2814 colliget
706 2749 809 2812 usqua
832 2730 917 2794 tuae.

37 2850 41 2856 ·
120 2816 242 2883 Omnia
264 2817 427 2901 laudabit,
450 2815 626 2886 mirabitur,
645 2817 769 2898 omnia,
792 2815 893 2883 donec

168 2904 347 2991 Perpessus
371 2905 460 2972 dicas
483 2905 593 2971 taedia
616 2903 708 2970 mille
729 2902 865 2990 „Venit“

498 3043 678 3112 nxxxnr.

111 3143 258 3222 ¹Derisor
280 3143 447 3211 Fabianus
470 3144 673 3227 hirnearum,
755 3187 757 3192 -

104 3232 243 3299 'Omnes
267 3255 363 3320 quem
386 3233 483 3299 modo
508 3233 591 3299 colei
614 3231 776 3298 timebant

119 3321 293 3388 Dicentem
316 3322 458 3390 tumidas
482 3322 517 3387 in
540 3321 750 3407 hydrocalas,

102 3411 289 3488 'Quantum
312 3434 372 3478 neo
395 3411 458 3478 duo
483 3411 628 3476 dicerent
652 3408 788 3495 Catulli,

88 3498 162 3567 5111
184 3500 322 3566 thermis
346 3501 455 3566 subito
479 3498 677 3566 Neronianis

119 3587 217 3654 Vidit
240 3611 275 3655 se
297 3590 412 3676 miser,
435 3593 469 3656 et
491 3595 600 3656 tacere
622 3587 738 3673 coepit.
