2596 4034
328 216 332 222 .
397 163 695 224 EPIGRAMMATON
713 163 780 221 LlB.
801 165 847 222 IX.
1071 167 1135 234 199

156 330 302 398 Grandis
327 331 360 396 in
385 329 530 396 aetherio
555 330 632 396 licet
656 328 762 395 auctio
785 327 845 392 fiat
868 326 1008 414 Olympo

206 421 438 508 Coganturque
462 418 513 483 dei
537 419 675 484 renidere
699 416 855 502 quidquid
877 416 1013 501 habent,

124 509 381 576 sConturbabit
404 507 537 590 Atlans,
561 511 594 572 et
617 529 682 572 non
707 508 769 572 erit
792 505 887 572 uncia
910 509 995 591 tota,

207 599 343 665 Decidat
366 601 473 664 tecum
498 618 562 682 qua
585 601 678 681 pater
701 597 770 680 ipsc
795 595 903 660 deum:
947 615 960 674 '1

157 687 226 753 Pro
251 685 445 772 Capitolinis
470 685 546 771 quid
571 687 656 750 enim
679 685 741 750 tibi
765 683 891 750 solvere
914 685 1063 770 templis,

208 775 291 852 Quid
315 797 374 859 pro
398 774 556 860 Tarpeiae
579 773 704 838 frondis
727 773 851 838 honore
873 773 1006 858 potest?

157 865 247 940 Quid
270 885 328 948 pro
353 863 559 944 culminibus
573 863 711 947 geminis
736 866 886 928 matrona
909 861 1090 928 Tonantis?

109 970 145 1018 ιο
207 951 341 1017 Pallada
365 956 548 1036 praetereo:
572 973 624 1016 res
648 952 718 1036 agit
740 951 797 1015 illa
820 953 905 1015 tuas.
984 991 986 996 ,

157 1041 246 1118 Quid
264 1042 380 1126 loquar
398 1040 536 1105 Alciden
555 1039 787 1123 Phoebumque
806 1040 942 1124 piosque
960 1037 1132 1106 Laconas?

205 1129 328 1194 Addita
352 1129 428 1214 quid
452 1129 546 1194 Latio
570 1128 683 1193 Flavia
705 1129 829 1212 templa
852 1128 952 1212 polo?

157 1219 321 1302 Expectes
346 1224 379 1282 et
403 1218 576 1296 sustineas,
602 1217 764 1304 Augusto,
787 1237 918 1282 necesse
942 1219 1005 1282 est:

204 1305 291 1372 Nam
315 1305 378 1370 tibi
401 1307 487 1391 quod
512 1306 619 1372 solvat
641 1327 709 1371 non
731 1305 831 1371 habet
854 1327 929 1371 arca
952 1304 1050 1371 Iovis.

672 1409 693 1472 p

158 1526 311 1593 Aureolis
334 1525 420 1592 futui
443 1549 516 1592 cum
540 1437 653 1611 poslsx.
668 1525 763 1592 Galla
786 1525 912 1592 duobus

204 1614 250 1680 Et
272 1616 346 1700 plus
371 1637 467 1700 quam
492 1615 591 1698 futui,
614 1615 643 1680 si
665 1615 801 1680 totidem
825 1613 1000 1680 addideris:

157 1703 321 1770 Aureolos
345 1726 365 1767 a
387 1708 421 1769 te
444 1725 501 1769 cur
524 1705 655 1788 accipit,
679 1703 852 1788 Aeschylo,
876 1703 998 1770 denos?

155 1833 166 1884 ι
205 1790 279 1856 Non
303 1791 398 1856 fellat
421 1791 506 1858 tanti
530 1791 635 1857 Galla.
673 1791 756 1868 Quid
780 1793 880 1877 ergo?
917 1791 1026 1858 Tacet.
1154 1843 1157 1846 .

604 1923 644 1990 V.

119 2067 125 2102 Ι,
156 2009 290 2076 Nubere
314 2011 363 2077 uis
386 2011 514 2078 Prisco:
537 2035 603 2077 non
627 2013 740 2090 miror,
764 2012 881 2078 Paula:
905 2012 1029 2096 sapisti.

203 2097 328 2166 Ducere
352 2103 385 2166 te
407 2123 474 2166 non
496 2101 568 2166 vult
590 2101 733 2167 Priscus:
758 2106 790 2167 et
812 2101 869 2166 ille
894 2101 988 2187 sapit.
1013 2101 1015 2105 ’

594 2231 651 2300 VI.

156 2319 246 2402 Tibi,
270 2342 395 2386 summe
418 2320 525 2387 Rheni
549 2321 689 2387 domitor
713 2327 745 2387 et
768 2344 884 2408 parens
908 2323 1012 2408 orbis,

155 2407 277 2474 Pudice
300 2409 466 2496 princeps,
489 2411 614 2498 gratias
638 2415 740 2498 agunt
763 2411 873 2476 urbes:

154 2495 300 2581 Populos
323 2497 504 2582 habebunt3
527 2499 729 2584 parere'iam
754 2499 857 2566 scelus
880 2522 947 2568 non
966 2504 1030 2570 cst.

155 2583 234 2651 Non
255 2608 337 2671 puer
360 2587 449 2652 avari
473 2596 580 2653 sectus
604 2594 673 2654 arte
697 2590 868 2676 mangonis

127 2673 335 2741 oVirilitatis
360 2675 478 2740 damna
503 2681 625 2742 maeret
649 2682 792 2762 ereptae,

155 2761 225 2828 Nec
248 2785 346 2848 quam
369 2765 529 2850 superbus
553 2769 719 2850 computet
742 2767 862 2852 stipem
884 2767 973 2851 leno,

155 2851 223 2918 Dat
245 2851 424 2937 prostituto
449 2853 568 2918 misera
590 2859 694 2920 :nater
716 2855 846 2920 inlant'.
923 2869 926 2874 '

24 2997 25 3000 ,
155 2939 218 3016 Qui
240 2961 300 3006 nec
324 2941 425 3006 cubili
447 2941 555 3008 fuerat
578 2949 653 3008 ante
677 2947 710 3008 te
734 2943 911 3029 quondam,

154 3027 266 3095 Pudor
289 3049 361 3098 esse
384 3052 442 3115 per
466 3031 630 3118 teqcoepit
654 3036 687 3096 ct
709 3031 868 3116 lupanari.
892 3063 904 3106 ¹„

582 3162 656 3229 VII.

153 3251 268 3318 Dicere
292 3252 331 3318 de
356 3252 487 3338 Libycis
511 3253 621 3318 reduci
644 3253 705 3318 tibi
729 3248 895 3339 gentibus,
917 3252 1012 3338 Afer,

197 3339 370 3408 Continuis
395 3343 482 3409 volui
507 3342 648 3428 quinque
672 3342 785 3407 diebus
810 3341 916 3407 Have:

150 3428 245 3515 „Non
257 3431 370 3496 vacat“
378 3435 435 3496 aut
444 3431 603 3515 ‚‚dormit“
613 3431 734 3496 dictum
745 3434 796 3495 est
804 3430 854 3494 bis
863 3433 1128 3514 terquereverso.

194 3519 266 3586 iam
290 3521 370 3586 satis
395 3524 459 3586 est:
483 3541 549 3586 non
573 3519 636 3605 vis,
660 3519 754 3604 Afer,
776 3519 910 3584 havere:
933 3519 1014 3585 vale.
