2596 4034
187 171 274 240 1208
491 240 493 244 ¹
534 168 894 263 usinuunnnnrs
1026 243 1028 248 ¹

253 335 428 404 Nolentem
453 335 612 420 sequitur,
635 339 814 418 tenuesque
837 353 969 400 reversa
992 355 1050 419 per
1073 354 1173 398 eurus

296 422 359 490 Vel
382 423 462 510 pede
485 424 537 490 rel
560 428 669 511 tergo,
691 424 779 490 crine
802 421 855 488 rel
878 444 987 508 ungue
1010 421 1115 506 sedet3

227 512 394 580 tLubrics
416 511 554 597 Corycio
578 511 727 598 quemvis
751 511 819 576 sint
840 512 897 596 pul
922 511 971 576 its
993 510 1104 576 nimbo

298 602 343 667 Et
365 601 497 688 rapiant
519 602 638 668 celeres
662 602 734 667 vela
756 603 879 686 negate
935 601 997 684 oti,

253 687 391 757 Securos
413 689 506 774 pueri
528 690 679 776 neglectu
701 689 909 774 perambulat
931 694 1037 773 artus,

297 778 343 844 Et
364 781 461 844 nocet
483 778 602 844 artifici
624 783 740 845 ventus
764 781 798 842 et
819 777 907 843 undu
929 777 1022 843 nihil.

253 865 301 934 Ut
322 888 455 954 peccare
478 867 573 951 velis,
597 889 670 934 cum
692 867 808 934 feceris
831 865 956 951 omnia,
979 866 1053 931 falli

94 1001 96 1006 ·
211 972 244 1022 lu
298 955 373 1022 Non
395 959 505 1042 potes:
529 959 597 1020 arte
621 978 702 1041 opus
726 959 793 1040 est,
815 960 853 1022 ut
870 954 933 1020 tibi
954 976 1071 1042 parma
1094 955 1208 1021 cadat.

640 1111 792 1181 XXXIX.

252 1219 365 1286 Primo
386 1218 535 1286 Palatino
559 1221 615 1287 lux
639 1230 689 1287 est
711 1221 792 1286 hacc
815 1224 889 1286 ortu
912 1219 1068 1303 Tonanti,

298 1308 455 1396 Optasset
479 1307 600 1394 Cybele
624 1332 687 1396 quc
711 1311 875 1396 peperisse
898 1309 1023 1394 Iovem,

253 1397 326 1463 Hac
348 1401 381 1462 et
404 1402 516 1463 sanctu
540 1398 603 1464 mei
626 1399 738 1484 genita
762 1403 811 1463 est
833 1397 992 1465 Caesonia
1015 1397 1104 1464 Rufi:

297 1484 378 1552 Plus
402 1486 498 1551 debet
520 1488 618 1552 matri
641 1489 732 1552 nulla
754 1487 865 1572 puclls
887 1509 973 1552 suae.

227 1573 411 1641 cLaetstur
435 1575 565 1661 gemina
587 1579 738 1642 votorum
763 1579 851 1640 sorte
875 1576 1027 1658 maritus,

299 1663 448 1750 Contigit
470 1663 556 1730 hunc
578 1663 628 1729 illi
651 1665 738 1749 quod
761 1664 811 1728 bis
835 1685 945 1730 curare
969 1663 1062 1730 diem.

682 1821 749 1888 XL.

253 1929 409 2014 Tarpeius
432 1927 594 1994 Diodorus
619 1928 659 1993 sd
684 1950 819 1994 coronas

253 2017 391 2084 Romam
414 2039 487 2083 cum
511 2021 635 2100 poteret
657 2014 766 2083 Pharo
789 2017 919 2104 relicto,
1151 2013 1165 2064 l

254 2106 355 2172 Vovit
377 2128 436 2190 pro
459 2105 565 2172 reditu
588 2106 650 2171 viri
673 2104 851 2191 Philaenis,

253 2194 352 2260 Illam
374 2195 513 2280 lingere,
535 2198 573 2260 ut
596 2199 646 2260 est
668 2195 777 2278 puella
800 2195 951 2281 simplex,

228 2283 359 2360 cQuanr
382 2287 491 2348 castae
515 2304 641 2367 quoque
664 2282 805 2368 diligunt
827 2280 976 2349 Sabinae.

256 2371 411 2458 Dispersa
434 2375 505 2436 rate
528 2371 680 2436 tristibus
703 2372 856 2456 procellis

252 2460 379 2527 Mersus
398 2460 549 2525 fluctibus
575 2460 773 2545 obrutusque
796 2463 896 2544 ponto

254 2549 306 2616 Ad
330 2553 444 2614 votum
468 2547 629 2614 Diodorus
653 2549 808 2614 enatavit.

254 2637 417 2704 Otardus
441 2637 538 2702 nimis
563 2641 596 2703 et
618 2636 712 2722 piger
733 2637 884 2703 maritus!

211 2725 325 2793 lolloc
348 2727 383 2790 in
407 2727 503 2792 litore
527 2725 555 2791 si
579 2725 686 2810 puella
709 2730 822 2791 votum

253 2814 399 2882 Fecisset
421 2837 506 2900 men,
528 2813 679 2902 protinus
701 2814 873 2902 redissem,

1191 1795 1197 1832 l

675 2967 772 3039 xci:
829 2937 862 2994 ”³

253 3081 402 3168 Pontice,
426 3079 511 3168 quod
534 3103 700 3168 nunquam
717 3080 840 3161 ⁴futuis,
865 3081 920 3146 sed
943 3081 1067 3168 paelice
1090 3083 1190 3152 laeva

298 3169 410 3237 Uteris
433 3175 467 3235 et
489 3169 610 3235 Veneri
635 3169 737 3234 servit
760 3170 865 3236 amica
889 3193 1019 3255 manus,
1139 3230 1142 3236 .

253 3259 326 3326 Hoc
335 3258 418 3324 nihil
428 3281 498 3324 esse
507 3258 628 3343 putas?
639 3259 743 3324 scelus
755 3264 814 3344 est,
825 3260 1018 3344 mihicrede,
1028 3260 1085 3326 sed
1095 3261 1229 3348 ingens,

299 3347 464 3426 Quantum
487 3349 541 3414 rix
566 3349 674 3413 animo
698 3349 841 3431 concipis
865 3349 936 3432 ipse
958 3355 1026 3415 tuo.

228 3435 380 3522 oNeurpe
404 3438 504 3502 semel
527 3437 640 3522 futuit,
664 3443 838 3522 generaret
859 3436 1018 3504 Horatius
1042 3442 1080 3504 ut
1102 3443 1189 3528 tres,

298 3523 387 3590 Mars
413 3526 527 3610 semel,
549 3530 587 3592 ut
611 3528 758 3612 geminos
781 3525 844 3594 Ilia
867 3530 960 3593 casta
983 3527 1090 3594 duret:
