2610 4048
207 150 253 216 12
476 107 491 198 .'
537 150 576 210 u
597 149 676 206 vnn.
694 147 891 206 uranmrs

343 311 418 400 Oui,
440 313 544 382 lector
567 312 726 396 studiose,
749 311 833 398 quod
859 311 976 379 dedisti

226 417 244 468 o
342 399 476 468 Viventi
498 402 594 468 decus
617 407 716 486 atquo
739 399 906 486 sentienti,

343 489 423 557 Rari
445 495 522 578 post
544 490 668 557 cineres
690 489 815 555 habent
836 493 963 576 poetae.

694 645 737 714 11.

254 752 317 833 Qui
339 759 447 824 tecum
469 755 561 842 cupis
585 775 656 822 esse
679 775 769 820 meos
792 753 975 842 ubicunque
997 754 1128 821 libellos

299 843 346 910 ut
368 845 502 911 comites
526 845 645 929 longae
667 842 796 930 quaeris
819 843 940 909 habero
962 843 1048 928 viae,
1258 851 1259 884 ³

253 930 325 998 Hos
348 953 431 1019 eme,
454 955 535 1020 quos
558 935 649 998 artat
670 931 824 998 brevibus
843 931 1032 997 membrana
1053 927 1193 997 tabellis:
1258 963 1259 970 κ

299 1019 425 1087 Scrinia
448 1021 489 1086 da
511 1021 654 1108 magnis,
676 1043 729 1086 me
751 1042 867 1086 manus
889 1041 956 1086 una
978 1020 1075 1106 capit
1204 1080 1206 1086 ,
1255 1029 1259 1106 j

228 1105 305 1174 oNe
328 1113 439 1176 tamen
461 1110 591 1198 ignores
614 1109 671 1176 nbi
694 1109 756 1174 sim
779 1107 916 1192 venalis,
940 1112 973 1174 et
996 1130 1083 1174 erres

195 1211 200 1218 '
300 1195 388 1264 Urbe
411 1219 514 1284 vagus
537 1203 623 1283 tota,
646 1219 697 1263 me
721 1197 801 1263 duce
824 1201 930 1264 certus
953 1199 1030 1263 eris:

127 1329 130 1335 Δ
255 1283 425 1352 Libertum
449 1285 536 1352 docti
558 1285 715 1360 Lucensie
737 1307 854 1372 quaero
877 1284 1058 1352 Secundum

302 1373 432 1442 Limina
453 1379 530 1462 post
550 1373 645 1442 Pacis
668 1374 915 1460 Palladiumque
937 1375 1055 1441 iorum.

685 1533 745 1600 111.

254 1639 465 1794 Argiletanas
489 1640 593 1706 mavis
616 1641 767 1707 hahitare
790 1641 958 1724 tabernas,

329 1751 384 1795 um
406 1729 481 1816 tibi,
504 1751 603 1815 parve
625 1729 721 1814 liber,
744 1729 862 1796 scrinia
884 1735 999 1796 nostra
1022 1731 1146 1794 vacent.
1185 1762 1191 1798 ,ι

254 1815 385 1904 Nescis,
406 1817 483 1895 heu,
504 1817 609 1883 nescis
634 1817 782 1884 dominae
804 1817 938 1884 fastidia
959 1817 1106 1884 Romae:—

301 1903 402 1972 (lreda
425 1907 520 1990 mihi,
542 1906 679 1971 nimium
701 1905 823 1972 Martia
845 1907 943 1973 turba
965 1907 1063 1994 sapit.

229 1993 396 2061 tMaiores
419 2016 580 2082 nusquam
602 1993 752 2060 rhonchi:
775 1995 971 2080 iuvenesque
994 1985 1164 2080 senesquel

300 2082 347 2149 Et
368 2085 460 2168 pueri
482 2105 598 2149 nasum
620 2083 835 2150 rhinocerotis
857 2083 989 2149 habent.

256 2171 408 2238 Audieris
431 2193 504 2238 cum
527 2171 650 2258 grande
673 2171 808 2258 sophos,
831 2171 909 2237 dum
933 2173 1024 2238 basia
1045 2171 1164 2252 iactae,v

300 2259 369 2326 Ibis
393 2261 434 2325 ab
458 2281 591 2326 excusso
614 2261 733 2326 missus
756 2261 791 2325 in
814 2263 905 2326 astra
928 2280 1017 2346 sago.

256 2346 320 2414 Sed
342 2351 380 2414 tu
400 2370 442 2414 ne
465 2349 586 2413 totiens
610 2349 733 2415 domini
755 2349 882 2434 patiare
904 2349 1021 2414 lituras

215 2453 247 2504 ιο
301 2434 393 2502 Neve
414 2440 508 2502 notet
530 2437 622 2502 lusus
645 2437 749 2503 tristis
772 2437 919 2503 harundo
942 2441 1030 2522 tuos,

209 2579 210 2582 η
254 2525 442 2610 Aetherias,
465 2525 598 2610 lascive,
621 2527 712 2612 cupis
735 2525 874 2591 volitare
896 2548 956 2613 per
978 2547 1088 2591 auras:

299 2613 329 2699 Ι,
350 2612 442 2700 fuge3
464 2613 520 2678 sed
541 2617 673 2699 poteras
696 2614 799 2680 tutior
822 2636 893 2680 esse
916 2614 1014 2680 domi.

688 2771 745 2841 IV.

260 2874 445 2965 Contigeris
469 2883 612 2964 nostros,
636 2877 774 2964 Caesar,
792 2879 820 2946 si
842 2880 928 2946 forte
950 2881 1094 2966 libellos,

298 2966 473 3034 Terrarum
497 2969 663 3034 dominum
686 2990 771 3056 pone
795 2971 1013 3055 supercilium.

255 3051 459 3122 Consuevere
481 3051 569 3124 iocos
593 3057 693 3122 vestri
717 3079 845 3143 quoque
868 3059 952 3124 ferre
975 3055 1159 3146 triumphi,¹

299 3142 472 3210 Materiam
496 3145 591 3211 dictis
614 3167 673 3212 nec
695 3145 797 3230 pudet
821 3167 891 3212 esse
914 3146 1036 3212 ducem.

227 3231 325 3310 oQua
348 3216 529 3318 Thymelen
552 3239 680 3318 spectas
704 3233 943 3320 derisoremque
965 3234 1134 3323 Latinum,

297 3321 363 3388 Illa
385 3321 492 3388 fronte
516 3343 630 3407 precor
653 3324 798 3390 carmina
819 3328 935 3389 nostra
957 3324 1057 3410 legas.

118 3407 130 3422 ’
252 3408 416 3476 Innocuos
439 3432 574 3476 censura
596 3415 707 3496 potest
729 3411 919 3496 permittere
942 3413 1047 3478 lusus:
1138 3421 1146 3430 '

296 3497 436 3565 Lasciva
458 3502 508 3564 est
530 3499 626 3564 nobis
649 3500 784 3586 pagina,
807 3501 875 3566 rita
897 3499 1011 3588 proba.
