2610 4048
405 205 706 266 EPIGRAMMATON
726 207 795 266 LIB.
815 210 836 266 Ι.
1088 211 1131 278 35

593 371 645 440 CI.

149 480 217 546 Illa
240 501 357 558 monus
382 480 546 566 quondam
571 479 753 546 studiorum
776 479 843 548 fida
866 503 1014 549 meorum

196 568 243 634 Et
266 569 346 635 felix
371 569 503 636 domino
526 575 669 658 notaque
694 567 906 658 Caesaribus,

151 658 317 724 Destituit
339 660 464 744 primos
487 659 600 726 viridis
624 659 813 726 Demetrius
838 677 955 728 annos:

196 745 324 824 Quarta
347 748 454 813 tribus
477 748 593 814 lustris
617 748 728 816 addita
751 747 866 814 messis
891 753 970 816 eret.
1028 753 1030 760 ’

121 835 205 903 sNe
228 841 343 902 tamen
366 837 407 902 ad
426 835 559 923 Stygias
582 837 724 904 famulus
748 835 957 904 descenderet
979 837 1128 925 umbras,

196 923 319 990 Ureret
342 925 540 1010 implicitum
565 949 638 993 oum
662 926 821 994 scelerata
845 927 930 1014 lues,

148 1013 308 1082 Cavimus
333 1019 366 1079 et
390 1013 515 1080 domini
538 1015 588 1082 ius
613 1038 708 1082 omne
731 1015 917 1084 remisimus
941 1037 1054 1104 aegro:

197 1102 334 1168 Munere
357 1102 475 1190 dignus
499 1109 572 1170 erat
594 1105 800 1170 convaluisse
823 1126 906 1173 meo.

148 1191 264 1259 Sensit
287 1189 439 1258 deficiens
464 1215 523 1260 suo
546 1193 693 1278 proemia
716 1215 830 1280 meque
854 1197 1029 1280 patronum

101 1302 136 1349 ιο
198 1280 294 1346 Dixit
317 1281 359 1346 ad
381 1280 527 1348 infernas
552 1282 637 1348 liber
659 1282 764 1348 iturus
788 1304 896 1369 aquas.

586 1421 656 1490 ΟΠ.

149 1529 218 1608 Qui
239 1529 347 1614 pinxit
368 1527 531 1596 Venerem
554 1534 659 1614 tuam,
682 1529 812 1616 Lyconi,

148 1619 343 1705 Blanditus‚
366 1625 461 1705 puto,
484 1621 592 1705 pictor
615 1625 667 1717 est
689 1619 865 1686 Minervae

577 1775 663 1846 0111.

147 1883 210 1970 psi
234 1883 383 1950 dederint
406 1885 516 1972 superi
539 1885 644 1951 decies
668 1884 750 1950 mihi
772 1881 864 1951 milis
887 1883 1036 1952 oontum“

199 1973 341 2039 Dicebas
363 1975 521 2060 nondum,
546 1972 718 2057 Scaevola,
740 1974 846 2040 iustus
869 1995 981 2061 eques,

151 2062 323 2148 „Qualiter
346 2084 366 2130 0
389 2063 513 2148 rivam,
536 2085 634 2150 quam
657 2062 749 2150 large
773 2061 932 2150 quemque
955 2061 1083 2130 bestel‘

115 2147 120 2174 '
201 2151 359 2216 Riserunt
381 2151 496 2218 faciles
520 2157 553 2216 et
576 2153 720 2217 tribuere
743 2151 804 2218 dei.

124 2239 325 2306 ssordidior
347 2241 453 2306 multo
476 2245 553 2326 post
575 2241 638 2306 hoc
661 2246 753 2327 toga,
776 2241 916 2327 paenula
938 2239 1043 2328 peior,

201 2328 336 2396 Calceus
360 2332 411 2394 est
434 2334 525 2395 sarta
548 2335 662 2414 terque
686 2333 865 2415 quaterque
888 2333 976 2396 cute:

155 2418 268 2503 Deque
291 2417 402 2484 decem
425 2419 536 2504 plures
559 2440 688 2504 semper
711 2424 883 2485 servantur
905 2417 1025 2503 olives,

200 2507 353 2592 Explicat
376 2511 411 2572 et
433 2529 529 2574 cenes
553 2507 648 2574 unica
670 2529 783 2574 mensa
806 2508 901 2590 duas,
1093 2511 1095 2516 ’

154 2597 202 2662 Et
224 2595 399 2662 Veientani
421 2596 547 2662 bibitur
569 2597 776 2663 faex'crassa
798 2595 932 2680 tabelli,

106 2705 142 2754 10
202 2686 284 2752 Asse
308 2685 391 2751 cicer
414 2685 561 2771 tepidum
585 2689 769 2752 constabat
792 2707 864 2751 asse
887 2683 1009 2750 Venus.

153 2774 194 2840 ln
217 2776 282 2860 ius,
305 2796 324 2840 o
347 2773 450 2842 fallax
474 2778 572 2858 atque
595 2773 768 2860 infitiator,
791 2795 917 2840 eamus:

202 2863 367 2935 Autvive
391 2865 449 2927 eut
472 2862 592 2949 decies,
615 2862 785 2948 Scaevola,
807 2863 905 2929 redde
927 2861 1004 2928 deis.

580 3021 664 3092 CIV.

153 3129 249 3196 Picto
274 3127 361 3215 quod
384 3129 463 3216 iuga
486 3129 627 3196 delicata
649 3130 735 3198 collo

152 3217 282 3286 Pardus
306 3217 449 3284 sustinet
471 3218 702 3304 improbusque
725 3217 829 3306 tigres

151 3307 334 3394 Indulgent
355 3307 551 3393 patientiam
574 3307 722 3396 flagello,

149 3397 307 3464 Mordent
328 3418 427 3462 aurea
450 3397 536 3482 quod
559 3397 674 3483 lupata
696 3395 796 3481 cervi,
904 3472 907 3476 ,

121 3485 250 3565 oQuod
272 3485 373 3551 frenis
397 3485 512 3570 Libyci
536 3485 711 3552 domantur
733 3483 802 3550 ursi
889 3546 891 3550 .

146 3576 213 3661 Et,
237 3577 395 3661 quantum
418 3573 567 3662 Calydon
589 3569 705 3658 tulisse
728 3573 846 3658 fertur,

861 3683 862 3686 ,
927 3675 966 3734 ⁸,
1180 3691 1184 3699 ,
