2596 4032
184 199 249 265 298
517 198 556 257 n.
575 158 872 254 vmmammrs

229 361 393 440 Quantum
414 361 534 428 Lesbia
555 383 623 428 non
644 359 734 426 dedit
756 357 896 429 Catullo.
952 343 956 350 ⁴
1010 377 1013 383 ·
1069 357 1074 365 ‘

228 450 275 516 Te
297 450 419 517 vicinia
441 455 526 531 tota,
549 455 583 516 te
605 450 731 536 pilosus

204 538 378 606 animoso
393 540 513 624 premit
536 539 648 606 osculo
671 539 820 624 colonus;

228 627 315 696 Hinc
338 627 441 694 instat
464 628 526 694 tibi
550 631 671 710 textor,
694 625 769 692 inde
792 627 888 707 fullo,

230 715 315 782 Hinc
337 720 430 792 sutor
452 717 549 784 modo
573 715 659 801 pelle
681 713 824 798 basiate,

229 803 316 872 Hinc
338 805 440 872 menti
463 803 613 871 dominus
634 803 827 890 pediculum,

229 893 298 960 Nec
320 894 411 960 deest
433 894 508 960 hinc
532 893 635 959 oculis
658 896 692 958 et
714 891 788 957 inde
812 891 934 978 lippus,

188 999 220 1048 10
229 980 437 1069 Fellatorque
459 1003 636 1068 recensque
662 981 879 1068 cunnilingus.

228 1070 300 1138 Iam
323 1073 409 1138 tanti
431 1071 493 1137 tibi
510 1092 582 1159 non
604 1069 668 1136 fuit
689 1069 803 1137 redire.

660 1281 727 1348 Lx

229 1389 345 1456 Martis
369 1389 499 1455 alumne
523 1389 604 1473 dies,
626 1410 755 1454 roseam
774 1410 838 1474 quo
862 1387 1014 1474 lampada
1032 1387 1183 1474 primum

274 1477 458 1566 Magnaque
483 1478 599 1544 siderei
622 1477 761 1544 vidimus
786 1499 843 1544 ora
866 1475 931 1558 dei,

230 1564 267 1633 Si
288 1572 321 1632 te
344 1589 418 1632 rure
441 1567 503 1633 coli
526 1565 708 1651 viridesque
731 1565 867 1652 pudebit
890 1565 931 1631 ad
955 1587 1043 1650 aras,

275 1655 338 1733 Qui
360 1655 468 1722 fueras
490 1655 587 1720 Latia
610 1655 716 1722 cultus
739 1653 774 1720 in
796 1655 877 1720 urbo
899 1653 995 1719 mihi:

79 1803 83 1808 .
204 1743 283 1812 oDa
304 1744 447 1824 veniam,
470 1745 591 1810 servire
614 1745 694 1809 meis
719 1743 806 1829 quod
827 1743 906 1809 nolo
928 1741 1098 1828 Kalendis,

274 1833 321 1899 Et
344 1855 407 1918 qua
431 1855 502 1898 sum
526 1834 669 1917 genitus,
692 1834 802 1898 vivere
824 1831 896 1898 luce
919 1832 1003 1898 volo.

144 1945 146 1950 ’
230 1921 345 1988 Natali
367 1921 491 2008 pallere
514 1941 587 2006 suo,
609 1943 651 1986 ne
674 1921 767 1986 calda
791 1918 922 1987 Sabello
969 1946 972 1950 ·

276 2009 383 2095 Desit;
406 2013 440 2075 et
462 2014 499 2076 ut
521 2009 679 2094 liquidum
702 2011 795 2094 potet
819 2007 949 2074 Alauda
972 2029 1114 2094 merum„

230 2099 375 2166 Turbida
398 2099 538 2165 sollicito
561 2098 784 2163 transmittere
808 2095 958 2164 Caecuba
980 2119 1088 2182 sacco;

190 2205 222 2254 ιο
276 2187 386 2272 Atque
408 2187 494 2252 inter
518 2207 646 2251 mensas
670 2188 731 2266 ire,
753 2186 858 2252 redire
882 2207 972 2270 suas3

231 2276 390 2363 Excipere
413 2276 473 2341 hos
497 2275 587 2359 illos,
609 2279 643 2339 et
665 2279 738 2340 tota
760 2296 893 2361 surgere
916 2297 995 2341 cena

274 2364 440 2431 Marmora
462 2363 640 2430 calcantem
663 2363 833 2450 frigidiora
856 2363 945 2449 gelu:

217 2451 320 2530 Quae
343 2453 427 2518 ratio
451 2457 514 2536 est,
537 2453 616 2518 haec
641 2456 755 2538 sponte
779 2474 838 2517 sua
860 2451 1004 2537 perferre
1027 2452 1183 2540 patique,

275 2539 364 2617 Quae
386 2546 419 2607 te
442 2541 470 2606 si
492 2541 605 2606 iubeat
626 2563 683 2605 rex
707 2541 935 2627 dominusque,
957 2541 1079 2628 neges?

651 2733 734 2801 LXI.

230 2841 352 2912 Versus
376 2847 410 2909 et
431 2843 529 2908 breve
552 2840 759 2926 vividumque
783 2864 912 2909 carmen
1049 2877 1051 2883 ·

229 2931 269 2998 In
291 2937 324 2998 te
347 2955 389 2998 nc
411 2931 542 3016 facium,
564 2931 675 3015 times,
698 2931 851 3018 Ligurra,
951 2939 953 2944 '

230 3021 276 3086 Et
299 3021 416 3106 dignus
440 3021 530 3105 cupis
553 3019 616 3085 boc
638 3023 728 3085 matu
749 3020 861 3085 uideri.

232 3108 294 3176 Sed
317 3110 440 3175 frustra
462 3109 580 3174 metuis
604 3108 758 3194 cupisque
781 3108 913 3175 frustra.

205 3199 269 3264 oln
292 3202 404 3264 tauros
427 3197 539 3282 Libyci
561 3201 660 3262 ruunt
684 3199 808 3281 leones,

229 3287 306 3354 Non
330 3290 405 3353 sunt
427 3287 647 3372 papilionibus
672 3287 812 3352 molesti.

231 3377 388 3460 Quaeras,
411 3397 539 3458 censeo,
563 3376 591 3440 si
614 3377 682 3463 legi
704 3377 851 3460 laboras,

230 3465 326 3568 Nigri
348 3465 482 3529 fornicis
506 3465 632 3530 ebrium
654 3470 800 3549 poetam,

231 3553 293 3632 Qm
317 3552 455 3619 carbone
478 3552 550 3618 rudi
573 3555 725 3641 putrique
749 3559 839 3621 creta
