2568 4040
351 255 468 312 INDEX
487 256 793 324 uuluanullarou.
878 322 880 326 ,
1015 269 1081 336 355
1179 324 1183 329 .

65 409 177 480 Fugerit
195 431 232 468 en
250 413 385 470 Phoebus
399 433 513 472 mensas
532 433 686 486 cenamque
705 417 868 491 Thyestae.
898 467 903 480 .
969 425 1017 494 III,
1037 435 1078 484 46.

64 481 169 538 Funera
186 488 254 554 post
272 490 382 557 septem
402 488 500 558 nupsit
519 490 574 544 tibi
592 489 676 546 Galla
694 490 834 548 uiuorum.
865 537 871 550 .
901 539 906 551 .
970 497 1017 567 IX,
1037 505 1078 555 78.

64 553 116 608 Fur
133 559 218 611 notae
238 557 358 614 nimiunn
376 560 545 630 rapacitatis
576 605 760 620 ......
780 607 796 622 ..
825 608 832 622 .
862 609 868 622 .
897 609 903 623 .
969 568 1016 639 VI,
1036 577 1077 628 71.

549 751 590 810 G.

64 835 146 892 Gaius
165 837 238 894 hane
257 839 351 894 lucem
369 857 484 912 gemma
501 843 571 898 milri
591 844 679 900 lulius
698 844 766 901 alba
791 889 797 904 .
826 891 833 905 .
862 889 869 906 .
896 891 904 906 .
968 851 1014 921 XI,
1034 859 1075 910 80.

63 907 182 964 Galbina
201 911 343 982 decipitur
361 912 480 968 calamis
501 919 530 970 et
548 915 657 970 retibus
676 917 761 974 ales.
791 961 797 974 .
826 961 833 975 .
862 963 868 976 .
898 963 903 977 .
942 922 1013 991 XIII,
1033 930 1074 979 ⁰8.

62 978 149 1050 Galla,
169 999 255 1052 nega:
277 982 400 1038 satiatur
418 1001 504 1051 amer,
524 986 580 1040 nisi
599 988 707 1057 gaudIa
724 991 858 1058 torquent
896 1035 902 1048 .
967 993 1013 1062 IV,
1034 1002 1075 1050 ³8.

63 1049 154 1106 Gallia
173 1051 327 1108 Santonico
345 1053 435 1109 vestit
453 1061 481 1110 te
501 1057 701 1114 bardocucullo
720 1103 904 1118 ......
928 1063 1000 1132 XIV,
1018 1071 1075 1120 lus,

63 1121 154 1176 Garris
174 1124 204 1178 in
223 1142 321 1180 aurem
340 1141 451 1195 semper
470 1129 609 1197 omuibus,
628 1129 728 1187 (liuns.
758 1175 763 1186 .
788 1175 795 1189 .
824 1174 830 1188 .
859 1174 866 1190 .
896 1176 903 1190 .
993 1135 1014 1202 Ι,
1033 1145 1074 1191 80.

62 1192 194 1248 Garrulus
213 1195 243 1250 in
262 1196 326 1251 laxe
346 1211 395 1250 eur
414 1198 515 1252 anulus
535 1199 602 1254 orbe
620 1205 761 1270 vagatur?
790 1246 796 1258 .
826 1247 832 1259 .
860 1245 867 1260 .
897 1247 903 1260 .
927 1203 1000 1270 XIV,
1017 1212 1074 1262 100.

62 1262 171 1320 Gaudet
189 1267 218 1320 in
238 1267 348 1322 etlossis
366 1267 497 1322 habitare
516 1270 662 1324 criniculus
681 1272 790 1328 antris.
821 1317 827 1330 .
856 1317 862 1331 .
893 1318 898 1331 .
941 1277 1013 1344 XIII,
1033 1284 1074 1332 00.

62 1333 166 1391 Gellius
186 1337 319 1393 aedificat
338 1355 460 1408 semper:
479 1341 563 1396 modo
583 1341 682 1397 limina
699 1343 781 1413 ponit
822 1387 828 1400 .
857 1388 863 1402 .
892 1389 898 1401 .
964 1347 1009 1414 IX,
1029 1354 1071 1403 40.

62 1405 237 1463 Gemmatum
256 1409 396 1491 Scythicis
416 1414 448 1464 ut
466 1410 562 1466 luceat
580 1412 694 1482 ignibus
713 1429 828 1471 aurum.
857 1459 863 1471 .
893 1461 899 1473 .
926 1416 999 1484 XIV,
1017 1425 1074 1474 100.

62 1477 197 1534 Gentibus
217 1480 247 1534 in
265 1481 379 1550 Libyeis
398 1499 467 1535 uxor
486 1487 544 1549 tua,
563 1482 655 1551 Gallu,
674 1485 748 1540 male
767 1485 865 1542 audit.
894 1531 900 1544 .
979 1488 1012 1556 II,
1031 1497 1073 1545 00.

27 1603 29 1606 .
62 1548 160 1620 Genus,
180 1554 279 1620 Auete,
298 1551 372 1606 lucri
390 1552 494 1608 divites
513 1553 622 1609 habent
639 1556 712 1610 Iram
750 1600 757 1614 .
786 1599 793 1614 .
822 1599 828 1612 .
858 1597 864 1612 .
892 1600 899 1615 .
951 1559 1010 1622 XII,
1032 1567 1073 1616 10.

62 1620 171 1676 Gestari
189 1621 294 1678 iunctis
314 1623 370 1678 nisi
388 1623 503 1692 desinis,
522 1625 640 1694 Hedyle,
657 1626 753 1698 ,capris
786 1670 792 1684 .
821 1670 828 1684 .
856 1671 863 1685 .
894 1671 900 1684 .
964 1629 1011 1697 IV,
1030 1636 1072 1685 00.

61 1691 188 1748 Gestavit
205 1695 289 1750 modo
308 1695 401 1750 fronte
420 1712 466 1749 me
483 1695 618 1751 iuvencus
641 1739 897 1756 ........
938 1699 1010 1768 XIV,
1030 1709 1072 1756 10.

61 1762 156 1818 Gloria
173 1769 233 1819 tam
251 1766 334 1836 parvi
351 1783 408 1822 nen
427 1769 471 1820 est
489 1767 610 1822 obscura
627 1766 717 1836 sigilli
750 1811 756 1823 .
785 1811 791 1825 .
820 1811 827 1825 .
856 1811 862 1825 .
892 1815 897 1825 .
923 1770 996 1836 XIV,
1013 1777 1071 1826 l'll.

61 1832 165 1890 Gnosia
183 1837 294 1892 Minoae
314 1836 414 1908 genuit
431 1837 576 1892 vindemia
594 1837 723 1894 Cretae.
753 1883 759 1895 .
788 1883 794 1896 .
823 1881 830 1896 .
858 1881 865 1896 .
894 1885 900 1896 .
926 1841 1072 1907 Xlll,106.

61 1904 183 1962 Grandia
201 1923 237 1962 ne
256 1907 333 1962 viola
350 1925 438 1980 parvo
457 1909 645 1978 chrysendeta
663 1908 751 1964 mullo
788 1952 794 1966 .
823 1953 829 1966 .
858 1955 864 1966 .
894 1955 900 1966 .
939 1912 1010 1979 XIV,
1030 1919 1072 1969 07.

61 1976 184 2032 Grandia
201 1981 347 2034 taurorum
365 1981 483 2050 portant
501 1980 551 2048 qui
570 1997 694 2050 corpora,
714 1980 826 2050 quaeris
856 2023 862 2038 .
893 2025 898 2037 .
939 1981 1011 2050 XIV,
1029 1990 1072 2038 01.

61 2047 153 2102 Gratis
172 2051 221 2118 qui
240 2050 308 2105 dare
327 2067 376 2106 vos
396 2050 485 2118 iubet,
504 2051 617 2120 puellae
643 2093 899 2108 ........
950 2053 1011 2120 XII,
1029 2059 1071 2108 tt.

60 2118 176 2175 Gratum
190 2123 242 2188 est,
257 2121 332 2190 quod
347 2120 439 2176 Celeri
452 2125 564 2176 nostros
579 2121 658 2190 legis,
673 2121 773 2187 Ancte,
788 2121 899 2177 libellos
951 2124 1010 2190 VII,
1029 2131 1071 2180 01.

61 2189 175 2245 Gratum
193 2210 295 2246 munus
314 2192 369 2247 erit
387 2191 475 2246 scisso
493 2208 546 2246 nec
565 2192 666 2246 inutile
684 2193 789 2248 uentri.
818 2236 824 2249 .
854 2235 860 2249 .
889 2235 895 2250 .
937 2193 1009 2260 XIV,
1029 2201 1071 2250 00.

59 2259 161 2318 Gratus
181 2263 222 2320 sie
241 2262 305 2332 tibi,
323 2263 420 2332 Paule,
440 2262 478 2317 sit
496 2262 650 2318 December
680 2305 900 2321 .......
952 2264 1009 2332 Vll,
1030 2271 1070 2320 11.

546 2451 580 2506 Η

58 2543 168 2600 Habere
188 2544 310 2599 amIcam
326 2544 402 2613 nolo,
421 2544 530 2612 Flacca,
550 2543 684 2599 subtilem
713 2587 897 2604 ......
945 2543 992 2610 XI,
1012 2551 1070 2601 100.

58 2615 152 2671 Habet
168 2616 317 2670 Africanus
335 2615 437 2682 milies,
455 2619 552 2670 tamen
570 2618 669 2684 captat
680 2657 899 2674 .......
949 2616 1009 2684 XII,
1029 2623 1070 2672 10.

58 2686 119 2741 Hac
137 2687 205 2742 licet
222 2687 252 2741 in
271 2703 391 2757 gemma,
411 2689 507 2741 servat
525 2701 598 2755 quae
616 2685 732 2740 nomina
749 2685 863 2746 Cosmi.
892 2731 898 2744 .
923 2686 995 2752 XIV,
1012 2694 1069 2742 110.

58 2758 118 2813 Hac
136 2757 206 2813 mihi
224 2757 269 2812 bis
289 2773 356 2812 seno
374 2760 538 2812 nmneratur
558 2759 664 2811 tessera
682 2761 787 2826 punctu
819 2801 826 2814 .
935 2756 1009 2824 XIV,
1030 2763 1070 2812 17.

57 2829 118 2883 Hac
135 2829 257 2900 primum
275 2828 410 2885 insenum
428 2827 549 2883 lascivos
568 2827 638 2881 lusit
656 2843 791 2886 amores.
819 2871 826 2885 .
855 2871 862 2885 .
891 2871 897 2884 .
922 2827 994 2895 XIV,
1011 2833 1069 2882 181.

57 2899 133 2956 Haec
153 2901 187 2956 de
206 2900 322 2955 vitifera
339 2899 451 2956 venisse
469 2898 566 2968 picata
586 2897 720 2955 Vienna.
750 2942 756 2955 .
784 2940 791 2955 .
822 2943 827 2954 .
857 2942 864 2956 .
892 2941 899 2955 .
922 2897 994 2962 XIII,
1012 2901 1070 2954 tol.
1109 2916 1111 2921 ’

57 2971 134 3026 Haec
152 2975 196 3027 est
214 2971 267 3027 illa
285 2971 355 3040 dies,
374 2987 447 3041 quae
465 2969 563 3039 magni
581 2969 695 3024 conscie
712 2971 827 3038 partus.
857 3013 864 3026 .
892 3012 898 3026 .
946 2967 1008 3035 VII,
1027 2973 1070 3024 11.

57 3042 134 3098 Haec
153 3046 199 3099 est
216 3042 269 3097 illa
287 3043 357 3097 meis
376 3042 497 3098 multum
516 3043 633 3095 cantata
649 3039 755 3096 libellis
785 3084 792 3097 .
820 3083 827 3097 .
856 3082 863 3097 .
891 3081 898 3096 .
961 3039 1008 3106 IX,
1028 3045 1070 3094 10.

57 3113 132 3169 Haec
152 3119 197 3169 est
215 3113 268 3168 illa
285 3113 340 3168 tibi
357 3113 498 3183 promissa
515 3111 681 3181 Theophila,
700 3109 790 3168 Cani.
820 3155 826 3168 .
855 3153 862 3169 .
890 3153 897 3167 .
947 3108 1008 3176 VII,
1028 3115 1070 3164 00.

30 3243 33 3249 A
57 3184 131 3241 Haec
149 3185 287 3240 Fundana
303 3185 374 3239 tulit
392 3183 460 3239 felin
479 3187 630 3238 autumnus
649 3181 744 3252 Opimi
785 3226 791 3240 .
821 3225 827 3239 .
856 3224 863 3239 .
892 3223 898 3238 .
923 3179 995 3262 XIII,
1012 3185 1070 3236 113.

56 3255 131 3312 Haec
149 3257 194 3312 illi
213 3256 274 3311 sine
294 3259 369 3310 sorte
388 3255 480 3320 detur,
500 3254 545 3308 cui
567 3252 683 3308 nornine
700 3252 827 3309 Rhenus.
856 3295 863 3310 .
892 3294 898 3308 .
923 3249 994 3312 XIV,
1012 3255 1070 3305 170.

57 3327 131 3384 Ilaec
149 3328 221 3384 mihi
240 3344 312 3396 quae
331 3327 433 3383 chItur
451 3325 535 3380 violis
554 3325 668 3394 pictura
684 3323 826 3392 rosisque.
856 3366 862 3380 .
890 3365 896 3378 .
946 3319 1070 3406 ν1Ι,3.“1.

57 3397 131 3456 Haec
149 3417 223 3470 quae
242 3398 352 3453 difficili
371 3401 468 3467 turget
485 3395 627 3466 paganica
644 3394 752 3476 pluma.
781 3437 788 3452 .
817 3437 823 3450 .
853 3437 858 3450 .
887 3435 894 3450 .
932 3390 1006 3474 XIV,
1026 3396 1070 3446 15.

57 3469 131 3527 Haec
149 3488 224 3543 qnae
241 3469 353 3524 Picenis
372 3469 452 3524 venit
470 3467 610 3521 subducta
626 3467 749 3536 trapetrs
785 3507 791 3522 .
820 3508 827 3522 .
856 3505 862 3521 .
891 3507 898 3519 .
936 3461 1009 3530 11111,
1028 3467 1070 3517 00.

57 3539 129 3598 Ηο00
148 3559 222 3613 quae
240 3541 357 3612 pulvere
376 3539 518 3609 dissipata
535 3538 625 3592 multo
641 3578 896 3594 ........
987 3532 1008 3601 I,
1028 3538 1069 3589 81,

57 3610 129 3670 Ηο00
147 3629 222 3684 quae
241 3628 326 3682 saepe
346 3611 419 3667 solet
436 3608 521 3679 vincI,
541 3625 613 3679 quae
631 3607 744 3664 uincere
762 3623 826 3662 raro
853 3649 860 3664 .
890 3649 896 3663 .
920 3603 995 3673 XIV,
1010 3610 1069 3660 010.

856 3710 911 3768 13*
