2528 4038
371 183 671 242 EPIGRAMMATON
689 185 756 242 LIB.
775 186 823 246 v1.
840 189 842 195 '
1046 191 1107 256 147

130 345 247 431 „Tunc
270 371 318 434 es,
342 349 440 414 tune“
463 349 510 414 eil
533 350 608 436 „ille
632 349 810 437 Martialis,
930 373 935 384 ·

103 433 237 503 aCuius
259 437 425 523 nequitias
448 437 601 526 iocosque
624 441 728 524 novit,

130 528 256 592 Aurem
281 529 337 614 qui
360 527 457 592 modo
480 549 546 594 non
570 528 670 594 hebel
693 527 892 595 BatavamP‘

131 612 263 681 Subrisi
286 615 425 700 modice,
449 617 577 702 levique
598 621 681 683 nulu

129 703 190 769 Me
213 727 307 790 quem
331 705 458 772 dixerat
480 726 640 773 essenon
661 707 790 792 negavi.

130 791 221 877 „Cur
243 793 342 878 erg0“
364 793 471 882 inquit
493 794 613 880 „habes
637 796 741 861 malas
765 795 956 864 lacernas?“

89 897 120 944 10
131 881 316 968 Respondi:
339 883 458 969 ,‚„quia
481 905 554 948 sum
578 884 683 950 malus
706 885 853 972 peeta““.

131 969 208 1036 Hoc
230 993 270 1037 nc
294 973 423 1058 saepius
447 972 575 1038 accidat
597 977 728 1058 poetae,

130 1059 264 1145 Mittas,
287 1061 390 1147 Rufe,
407 1062 489 1127 mihi
512 1062 616 1128 bonas
640 1061 795 1130 lacernas.

510 1219 693 1287 LXXXIII.

132 1325 300 1403 Quanfum
325 1327 468 1393 sollicito
492 1327 624 1394 fortuna
646 1327 793 1412 parentis
816 1326 969 1413 Etrusco,

6 1497 7 1504 ἵ
180 1414 334 1502 Tantum,
358 1437 483 1481 summe
507 1415 638 1500 ducum,
661 1417 758 1482 debet
780 1421 915 1503 uterque
938 1418 1008 1484 ribi.

131 1504 222 1570 Nam
244 1509 281 1570 lu
305 1506 406 1570 missa
428 1509 486 1570 tua
509 1506 671 1572 revocasli
694 1505 832 1571 fulmina
854 1509 981 1573 dextra:

6 1653 7 1662 ,
179 1593 250 1659 Hcs
274 1615 424 1678 cuperem
447 1615 555 1658 mores
578 1593 708 1679 ignibus
733 1615 803 1659 esse
826 1593 928 1682 Iovis;

6 1675 7 1710 r
105 1683 172 1750 esi
194 1689 253 1748 tua
277 1683 321 1748 sir
345 1705 486 1762 summo,
510 1680 641 1765 Cacsar,
664 1687 783 1748 natura
807 1682 961 1768 Tonanli,

181 1770 301 1837 Utetur
323 1775 394 1837 icto
417 1770 555 1836 fulmine
577 1793 652 1836 rara
674 1793 798 1838 manus.

133 1859 279 1940 Muneris
303 1860 365 1926 hoc
386 1863 561 1945 utrumque
584 1861 633 1926 lui
656 1865 796 1924 testatur
818 1859 991 1946 Etruscus,

177 1949 262 2014 Esse
286 1949 373 2034 quod
397 1953 430 2015 et
453 1947 565 2014 comit-i
588 1948 726 2036 contigit
749 1953 783 2014 et
805 1949 924 2015 reduci.

513 2069 689 2174 cxxxiv,

131 2215 322 2300 Octaphoro
347 2236 445 2280 sanus
469 2218 634 2299 portatur,
657 2212 769 2296 avire,
792 2213 973 2299 Philippus.

142 2312 144 2316 ’
178 2305 275 2370 Hunc
297 2307 335 2370 iu
358 2305 387 2369 ai
411 2325 527 2369 sanum
550 2303 668 2388 credis,
691 2302 802 2388 Avite,
825 2303 915 2369 iuris.

520 2459 680 2527 LXXXV.
803 2491 805 2495 ·

131 2569 253 2636 Editur
276 2591 318 2636 en
342 2574 451 2635 serlus
475 2569 545 2635 sine
568 2572 602 2633 te
625 2567 719 2652 mihi,
742 2568 827 2635 Rufe
850 2567 1001 2658 Camoni,

178 2657 248 2724 Nec
272 2663 305 2726 te
328 2661 484 2724 lectorem
508 2660 633 2742 sperat,
657 2659 771 2737 amice,
795 2658 893 2724 liber:

6 2785 18 2812 ,ι
131 2745 239 2832 Impia
263 2745 493 2834 Cappadocum
515 2745 614 2811 tellus
639 2747 671 2810 ct*
693 2747 827 2812 numine
852 2747 946 2815 laevo

176 2835 259 2902 Visa
283 2837 346 2900 ribi
368 2838 490 2904 cineres
513 2833 619 2900 reddit
643 2839 676 2900 et
699 2857 774 2900 ossa
797 2837 893 2921 palti.

103 2924 245 2994 cFundc
269 2929 325 2990 luo
349 2925 502 2991 lacrimas
527 2926 643 2990 orbata
665 2921 816 2989 Bononia
838 2923 939 3009 Rufo,

164 3012 222 3080 Et
244 3018 375 3079 resonet
396 3018 471 3080 tola
493 3013 642 3098 plancius
666 3013 701 3077 in
725 3011 879 3078 Aemilia:

133 3103 205 3168 Heu
230 3103 338 3188 qualis
360 3105 480 3188 pietas,
499 3103 562 3168 heu
586 3124 682 3188 qnam
707 3101 816 3168 brevis
836 3102 954 3170 occidit
978 3103 1081 3168 aclas!

6 3193 7 3200 '
177 3191 315 3258 Viderat
337 3192 456 3277 Alphei
478 3193 625 3278 praemia
649 3191 764 3277 quinta
787 3191 892 3257 modo.

6 3311 7 3320 2
131 3281 268 3348 Pectore
291 3285 329 3346 tu
352 3283 489 3347 memori
511 3284 643 3347 nostros
667 3279 816 3345 evolvere
839 3279 945 3364 lusus,

6 3381 7 3406 ¹
88 3391 121 3439 10
176 3371 226 3436 Tu
250 3371 368 3438 solitus
391 3375 495 3455 fotos,
518 3369 615 3455 Rufe,
637 3374 747 3435 tenere
770 3367 874 3453 iocos,

6 3463 7 3466 ’
132 3459 253 3544 Accipe
276 3483 350 3526 cum
372 3459 452 3524 fletu
475 3459 593 3525 maesti
615 3458 714 3526 breve
737 3479 868 3523 carmen
892 3457 987 3524 amici

175 3550 286 3635 Atque
309 3548 392 3631 haec
415 3547 561 3615 absentis
584 3552 659 3614 fura
680 3545 782 3611 fuisse
805 3552 893 3631 puta.

891 3647 944 3704 10*
