2596 4034
198 210 262 279 186
427 221 431 228 ’
485 255 487 260 .
527 207 565 264 Μ.
583 205 665 265 VAL.
683 203 879 262 mannans

214 373 287 440 aut
310 395 406 440 mane
430 371 526 439 sudas
550 370 642 437 urbis
666 368 786 442 osculis
808 369 905 453 udus,

239 460 390 550 Foroque
412 461 536 546 triplici
559 481 692 545 sparsus
715 463 791 524 ante
814 477 914 544 equos
938 476 1051 524 omnes
1172 469 1176 474 '

242 551 428 638 Aedemque
451 549 568 617 Martis
592 553 625 616 at
647 549 798 615 colosson
820 546 964 632 Augusti

241 639 352 708 Curris
376 662 435 725 per
459 659 572 705 omnes
595 638 775 722 tertiasque
799 637 1002 721 quintusque.

241 729 346 816 Rape,
369 749 522 814 congere,
546 727 651 812 aufer,
673 725 817 812 posside:
841 722 1085 809 relinquendum
1110 726 1172 788 est.

199 816 389 903 roSuperba
412 817 521 884 densis
545 838 621 882 arca
643 816 767 900 palleat
789 814 945 896 nummis,

241 905 381 973 (lentum
404 906 604 991 explicentur
627 904 767 990 paginae
790 901 1024 982 Kalendarum,
1155 969 1164 976 ,

240 993 370 1062 Iurabit
392 995 500 1079 heres,
523 998 556 1060 te
579 993 662 1058 nihil
685 992 869 1079 reliquisse,

241 1082 409 1171 Supraque
431 1085 577 1170 pluteum
600 1087 632 1148 te
656 1083 781 1148 iacente
803 1081 855 1148 vel
878 1102 1007 1159 saxum,

240 1171 358 1238 Fartus
381 1195 507 1259 papyro
531 1174 607 1238 dum
631 1172 809 1236 bibiturus
833 1170 963 1253 crescit,

146 1259 151 1266 ’
199 1277 232 1327 ro
242 1260 373 1327 Flentes
397 1262 556 1348 superbus
579 1261 722 1326 basiabit
745 1258 923 1343 eunuchos3

242 1349 377 1436 'duoque
399 1351 505 1416 tristi·
529 1350 631 1433 filius,
653 1349 734 1414 selis
757 1349 855 1431 nolis,

242 1437 325 1506 Ourn
348 1439 527 1506 concubino
551 1443 646 1504 nocte
670 1437 809 1504 dormiet
831 1436 947 1521 prima.

655 1595 754 1664 XLV.
890 1653 894 1660 .
973 1653 978 1660 .

217 1699 373 1771 'Priscus
397 1703 438 1770 ab
463 1701 618 1768 Aetnaeis
642 1703 736 1788 mihi,
759 1701 889 1786 Flacca,
911 1699 1081 1767 Terentius
1105 1698 1173 1764 oris

287 1792 458 1860 Redditur:
481 1791 565 1858 hanc
588 1792 692 1857 lucem
716 1792 819 1857 lactea
842 1811 972 1876 gemma
995 1791 1101 1874 notet,

242 1881 372 1948 Defluat
395 1884 427 1946 et
451 1880 540 1945 lento
565 1879 770 1966 splendescat
791 1879 924 1945 turbida
947 1879 1013 1944 lino

151 2015 156 2020 -
287 1970 456 2056 Amphora
477 1969 613 2035 centeno
637 1971 769 2034 consule
791 1967 880 2034 facta
904 1967 1019 2033 minor.
1128 2007 1134 2014 -

216 2057 421 2146 tOontinget
443 2079 508 2123 nox
531 2057 659 2143 quando
682 2057 763 2122 meis
786 2061 855 2122 tam
880 2055 1017 2122 candida
1040 2053 1190 2120 mensis?

286 2147 368 2213 Tam
392 2147 479 2213 iusto
504 2145 635 2210 dabitur
659 2146 788 2232 quando
812 2145 917 2212 calere
942 2143 1054 2210 mero?

242 2235 323 2304 Oum
346 2241 393 2319 te,
416 2234 543 2319 Flacca,
567 2233 647 2299 mihi
670 2233 782 2300 reddet
806 2232 980 2320 Cythereia
1004 2231 1144 2320 Cypros,

285 2321 448 2390 Luxuriae
471 2323 528 2389 fiet
550 2327 619 2388 tam
643 2323 730 2388 bona
753 2345 850 2389 causa
873 2345 973 2390 meae.

595 2413 624 2560 i
646 2395 811 2566 isauri,¹

242 2588 373 2668 Quanta
396 2593 454 2654 tua
477 2589 527 2654 est
549 2579 709 2674 probitas,
732 2574 826 2654 tanta
845 2593 895 2654 est
913 2589 1053 2654 infantia
1075 2585 1221 2672 formae,

286 2675 382 2745 Ceste
405 2699 499 2764 puer,
522 2699 622 2762 puero
646 2678 766 2743 castior
789 2677 984 2765 Hippolyto!

241 2765 287 2832 Te
312 2789 420 2832 secum
443 2766 551 2832 Diana
575 2767 654 2831 velit
678 2767 854 2852 doceatque
876 2772 1004 2850 natare,

234 2897 242 2914 .
286 2854 332 2920 Te
357 2852 480 2940 Cybele
503 2859 608 2920 totum
633 2855 748 2920 mallet
769 2855 889 2921 habere
912 2855 1058 2940 Phryg03
1125 2859 1127 2864 ’

215 2941 293 3011 oTu
317 2942 524 3028 Ganymedeo
548 2947 679 3028 poteras
705 2944 874 3011 succedere
897 2945 997 3028 lectu,
1058 2975 1060 2984 ⁴

287 3029 350 3097 Sed
374 3032 473 3097 durus
497 3031 627 3098 domino
651 3033 744 3098 basia
768 3033 838 3098 sola
862 3033 964 3098 dares
1135 3102 1136 3105 ,

241 3119 347 3207 Felix,
372 3142 455 3206 quae
478 3123 624 3186 tenerum
649 3121 781 3187 vexabit
804 3143 925 3208 sponsa
949 3121 1101 3187 maritum

286 3209 332 3276 Et
355 3230 437 3297 quae
461 3213 494 3274 te
517 3208 615 3276 faciet
638 3211 745 3298 prima
769 3212 879 3297 puella
902 3211 1021 3277 virum!

639 3369 773 3436 XLVII.

241 3475 323 3542 Pars
347 3445 555 3543 maxillarum
580 3483 677 3544 tonsa
700 3477 848 3562 esttibi,
871 3499 948 3563 pars
972 3477 1035 3544 tibi
1059 3497 1133 3543 rasa
1151 3438 1222 3556 est,

287 3563 367 3630 Pars
392 3565 485 3630 volsa
509 3571 568 3632 est.
605 3565 715 3634 Unum
739 3567 811 3651 quis
835 3571 931 3654 putat
954 3588 1026 3634 esse
1050 3566 1173 3652 caput?
