2528 4038
1112 0 1115 3 ,

351 201 651 260 EPIGRAMMATON
668 201 736 264 um.
755 204 804 262 Ν.
1052 205 1095 274 99

537 365 637 434 LXII.

121 473 223 539 Tibur
244 473 280 540 in
302 472 501 542 Herculeum
524 473 682 561 migravit
703 473 800 560 nigra
821 473 970 564 Lycoris,

165 562 284 630 Omnia
307 562 384 630 dum
406 564 478 630 fieri
501 562 638 630 candida
661 562 766 630 credit
787 563 844 632 ibi.

527 704 644 772 LXIII·
901 683 906 736 l

121 810 207 878 Dum
229 813 317 896 petit
340 835 360 880 a
382 810 498 880 Baulis
521 817 626 880 mater
650 811 812 880 Caerellia
834 811 948 901 Baias,

166 899 292 968 Occidit
314 902 422 968 insani
445 901 580 968 crimine
604 925 711 970 mersa
733 902 820 968 freti.

10 975 11 996 ¹
122 988 235 1056 Gloria
258 996 382 1076 quanta
404 992 489 1078 perit
512 992 620 1056 vobis!
644 991 725 1058 haec
748 996 896 1058 monstra
918 989 1045 1058 Neroni

165 1079 233 1148 Nec
256 1079 367 1146 iussae
389 1079 554 1166 quondam
578 1081 832 1167 praestiteratis,
856 1103 968 1168 aquae.

527 1239 644 1308 LXIV.

120 1346 184 1412 luli
205 1347 323 1434 iugera
344 1369 450 1434 pauca
472 1345 638 1414 Martialis

120 1435 235 1502 Hortis
259 1434 479 1522 Hesperidum
503 1437 650 1503 beatiora

121 1524 234 1612 Longo
258 1525 395 1591 Ianiculi
418 1526 497 1612 iugo
520 1526 728 1602 recumbunt:

121 1612 193 1680 Lati
216 1614 356 1681 collibus
380 1614 554 1680 imminent
576 1627 736 1698 recessus,

97 1703 166 1768 aEt
186 1705 307 1790 planus
331 1703 457 1768 modico
481 1706 609 1768 tumore
634 1707 746 1768 vertex

122 1790 220 1858 Caelo
244 1790 423 1876 perfruitur
447 1792 610 1857 sereniore

108 1881 165 1947 lEt
186 1903 304 1947 curvas
327 1881 447 1950 nebula
469 1884 601 1965 tegente
623 1880 726 1947 valles

121 1967 214 2036 Solus
238 1969 419 2035 luce'nitet
442 1969 611 2054 peculiari3

80 2119 85 2154 ,
122 2059 214 2124 Puris
238 2059 358 2123 leniter
382 2058 597 2123 admoventur
619 2057 719 2124 astris
791 2125 797 2131 ,

82 2162 112 2212 ιο
122 2147 234 2214 Celsae
259 2145 402 2212 culmina
425 2147 566 2212 delicata
589 2145 697 2212 villae.

121 2235 206 2302 Hine
230 2241 357 2322 septem
380 2235 529 2302 dominos
552 2234 662 2301 videre
685 2239 813 2302 montes

120 2325 166 2391 Et
188 2329 295 2391 totam
319 2323 397 2390 licet
420 2326 591 2390 aestimare
614 2325 767 2409 Romam,

120 2416 269 2480 Albanos
293 2435 423 2500 quoque
446 2413 669 2500 Tusculosque
693 2414 794 2479 eolles

121 2503 165 2569 Et
189 2502 403 2589 quodcunque
427 2502 511 2568 iacet
535 2503 596 2567 sub
619 2503 699 2567 urbe
722 2503 842 2590 frigus,

83 2593 260 2660 rsFidenas
283 2597 409 2658 veteres
433 2593 611 2676 brevesque
634 2591 778 2680 Rubras,

119 2681 166 2748 Et
189 2681 277 2768 quod
299 2680 447 2766 virgineo
471 2701 585 2746 cruore
609 2681 731 2768 gaudet
797 2697 799 2702 ’

120 2772 237 2836 Annae
260 2769 457 2856 pomiferum
479 2791 594 2834 nemus
619 2769 792 2838 Perennae.
856 2813 883 2818 -·

119 2859 216 2926 Illinc
238 2858 420 2942 Flaminiae
445 2857 654 2944 Salariaeque

121 2947 276 3015 Gestator
298 2951 393 3035 patet
415 2947 528 3013 essedo
551 2951 695 3032 tacente,

80 3035 172 3103 ‘roNe
194 3037 317 3104 blando
340 3042 415 3102 rota
439 3037 483 3102 sit
506 3037 646 3102 molesta
670 3059 798 3123 somno,
935 3069 936 3074 ¹

10 3119 15 3138 '
120 3125 223 3204 Quem
246 3147 306 3193 nec
329 3147 480 3210 rumpere
503 3125 670 3191 nauticum
694 3127 839 3192 celeuma

120 3215 190 3283 Neo
212 3217 337 3283 clamor
359 3216 448 3281 valet
469 3214 713 3300 helciariorum,

119 3303 202 3371 Cum
226 3306 271 3370 sit
292 3310 362 3370 lam
385 3326 488 3388 prope
511 3303 667 3388 Mulvius,
691 3325 882 3390 sacrumque

118 3393 246 3482 Lapsae
269 3415 327 3480 per
351 3393 496 3460 Tiberim
520 3393 633 3460 volent
656 3393 791 3464 carinae.
818 3447 820 3449 .

81 3481 192 3550 rsHoo
214 3505 287 3568 rus,
310 3505 367 3548 seu
387 3485 501 3567 potius
525 3483 640 3548 <lomus
663 3481 810 3548 vocanda
833 3485 897 3568 est,
998 3558 1003 3570 ι

119 3571 337 3642 Commendat
360 3573 524 3638 dominus:
547 3576 651 3637 tuam‘
662 3570 809 3656 putabis,
910 3621 911 3624 ,
