2528 4038
147 199 211 268 126
295 153 308 181 .
473 199 512 256 u.
529 197 611 260 VAla
628 198 825 258 murreus

146 379 179 432 15
189 363 293 432 Lento
317 369 488 432 castaneae
510 383 630 451 vapore
651 367 772 430 tostae:

188 451 311 520 Vinum
333 458 371 522 tu
392 453 492 521 facies
514 453 636 520 bonum
659 451 810 519 bibendo.

188 541 270 609 Post
292 543 373 610 heec
396 543 507 608 omnic
529 543 614 608 forte
636 541 666 608 si
688 541 832 608 movebit

188 629 334 698 Bacchus
358 653 455 718 quem
479 631 563 697 solet
585 629 810 714 esuritionem,

190 717 382 786 Succurrent
403 720 464 786 tibi
487 718 615 785 nobiles
639 718 757 801 olivae,

145 823 180 875 ao
189 806 300 876 Piceni
322 808 417 875 modo
441 829 523 893 ques
545 806 650 873 tulere
672 807 771 890 remi,

189 896 235 963 Et
256 897 385 964 ferreus
409 895 493 964 cicer
515 900 548 962 et
569 900 685 981 tepens
707 893 848 980 lupinus.

188 984 295 1052 Parva
316 988 367 1052 cst
389 984 562 1052 cenula·
584 984 656 1069 quis
679 987 789 1068 potest
810 983 953 1070 negare?
972 987 1025 1065 '-,
1113 1016 1117 1023 ·

191 1072 255 1140 Sed
277 1074 380 1160 finges
402 1072 490 1140 nihii
509 1072 661 1138 audiesve
683 1071 797 1138 fictum

189 1161 237 1228 Er
257 1162 349 1228 vultu
370 1160 518 1246 placidus
541 1165 598 1228 tuo
621 1160 803 1244 recumbes3

146 1247 259 1316 acNec
281 1272 426 1316 crassum
449 1249 599 1316 dominus
622 1250 711 1334 leget
733 1249 898 1335 volumen,-

189 1337 259 1406 Nec
282 1339 322 1404 de
345 1338 489 1404 Gadibus
513 1337 672 1423 improbis
695 1338 822 1424 puellae

190 1425 378 1494 Vibrabunt
401 1428 471 1492 sine
493 1427 558 1492 fine
581 1427 765 1512 prurientes

190 1515 345 1582 Lascivos
369 1515 465 1583 docili
487 1520 628 1582 tremore
651 1513 793 1598 lumbos3

191 1601 254 1668 Sed
276 1603 363 1688 quod
384 1626 450 1670 non
472 1625 573 1692 grave
596 1603 639 1669 sit
661 1625 720 1670 nec
741 1603 932 1690 infacetum,

146 1689 288 1759 ³0Parvi
310 1691 393 1758 tibio
415 1693 544 1778 condyli
566 1693 705 1759 sonabit.

190 1777 281 1846 Haec
303 1783 354 1846 est
377 1781 500 1846 cenula.
536 1779 704 1848 Claudiam
729 1779 885 1866 sequeris,

154 1921 157 1925 .
191 1865 297 1946 Quam
318 1867 415 1934 nobis
438 1869 527 1955 cupis
550 1891 621 1936 asse
644 1875 680 1934 tu
703 1869 855 1954 priorem.

578 1999 725 2067 LXXIX.

190 2087 350 2156 Undecies
373 2113 437 2156 unc
460 2091 621 2174 surrenti,
636 2089 739 2174 Zoile,
761 2111 855 2174 cena,
1062 2173 1064 2176 v

234 2177 282 2245 Et
304 2182 430 2245 mutate
452 2179 514 2244 tihi
536 2183 586 2244 est
609 2177 773 2264 synthesis
797 2177 961 2258 undecies,

191 2265 299 2334 Sudor
320 2265 502 2333 inhaereret
525 2265 655 2332 madida
677 2288 717 2332 ne
740 2271 830 2332 veste
852 2271 1000 2334 retentus

234 2355 282 2421 Et
303 2356 410 2421 lenem
435 2355 541 2420 tenuis
565 2355 707 2420 laederet
730 2377 809 2420 aura
832 2359 949 2423 cutem.

164 2443 298 2522 cQuare
320 2463 382 2532 ego
404 2465 471 2510 non
495 2443 589 2528 sudo,
611 2441 667 2528 qui
689 2448 809 2522 tecum,
832 2443 936 2530 Zoilo,
958 2445 1061 2511 ceno?

234 2531 353 2618 Frigus
376 2531 461 2597 enim
485 2553 639 2618 magnum
663 2531 829 2617 synthesis
852 2553 919 2600 una
940 2532 1028 2600 facit

191 2751 268 2819 Non
291 2755 397 2820 totam
419 2751 514 2836 mihi,
536 2753 565 2818 si
588 2662 734 2837 ffls,
757 2751 886 2839 horam,

190 2839 302 2906 Dones
325 2845 359 2906 et
380 2841 457 2906 licet
479 2841 633 2925 imputes,
656 2840 786 2924 Severe,

191 2927 277 2994 Dum
300 2933 429 2995 nostras
451 2929 534 3013 legis
557 2929 723 3016 exigisque
746 2951 860 3016 nugas.

165 3015 909 3174 ⁶555055555555ru

192 3192 285 3270 Quod
308 3194 337 3259 si
359 3129 478 3280 ligeris
501 3195 571 3279 ipsa
595 3217 668 3262 cum
691 3130 812 3262 disirto
882 3167 884 3174 Ι

191 3279 317 3347 -Sed
338 3283 494 3368 numquid
517 3305 629 3348 sumus
651 3285 815 3370 improbi?
836 3321 875 3334 -
896 3282 1057 3367 Secundo,
1130 3322 1132 3324 ·

149 3423 152 3428 .
190 3367 270 3434 Plus
293 3371 397 3436 multo
420 3369 482 3434 tibi
505 3370 673 3438 debiturus
696 3373 750 3439 hic
773 3379 835 3458 est,

193 3455 298 3532 Quem
322 3457 418 3522 debet
441 3456 571 3524 domino
595 3482 667 3546 suo,
689 3463 830 3527 libellus.

151 3558 183 3607 ιο
193 3541 281 3610 Nam
304 3565 436 3612 securus
460 3546 536 3624 erit,
558 3568 618 3614 nac
640 3550 787 3635 inquieta
