2596 4032
162 211 249 292 332
342 219 349 226 ’
405 168 407 180 Ι
513 215 872 276 n.VAL.MART1A1.18

547 381 663 450 Saccus
684 381 836 448 nivarius.
875 419 879 425 -

227 479 409 547 Attenuare
430 481 523 548 nives
545 483 666 546 norunt
689 481 722 544 et
744 477 848 544 lintea
869 481 999 542 nostra:

271 567 435 656 Frigidior
458 569 529 636 colo
553 589 619 636 non
642 567 720 634 salit
742 567 829 634 unda
851 569 918 632 tuo.
979 593 984 602 ·

458 707 527 778 GV.
555 707 675 778 Urceoli
696 708 926 776 ministratorii.

227 805 361 894 Frigida
383 829 450 874 non
472 805 589 889 doerit,
612 826 679 871 non
701 803 805 870 deerit
827 805 920 871 celda
942 803 1076 890 petenti.

274 894 338 964 Sed
360 899 397 964 tu
420 916 552 963 morose
573 893 686 960 ludere
708 915 805 979 parce
829 893 893 960 siti.

566 1033 682 1104 Urere
702 1034 818 1117 fictilis.

228 1141 292 1208 Hic
313 1141 376 1208 tibi
399 1141 539 1208 donatur
561 1127 670 1226 nenda
692 1141 791 1207 ruber
812 1161 928 1208 urceus
951 1162 1038 1208 ensa.

273 1227 401 1298 Stoicus
424 1229 487 1298 hoo
509 1230 652 1316 gelidam
674 1227 798 1296 Fronto
821 1229 955 1316 petebat
978 1250 1106 1316 equum.

562 1369 664 1438 ovu.
687 1369 823 1439 canere.
1146 1432 1154 1436 ,

228 1467 300 1536 Nos
324 1467 449 1555 Satyri,
470 1491 530 1536 uos
553 1467 703 1535 Bacchus
726 1471 829 1551 emat,
851 1489 913 1536 nos
937 1467 1027 1534 ebrie
1048 1468 1166 1555 tigris,
1287 1455 1288 1498 l

177 1581 179 1585 ·
272 1555 427 1624 Perfusos
450 1557 574 1624 domini
596 1557 739 1624 lambere
763 1557 860 1622 docta
881 1557 989 1643 pedes.
1038 1555 1040 1562 ’

531 1697 649 1766 orne
670 1697 850 1784 emerere.
991 1677 994 1684 '
1096 1693 1098 1698 ’

230 1803 322 1882 Quae
343 1825 409 1872 nou
433 1803 594 1871 sollicitus
617 1808 728 1870 teneat
751 1807 921 1890 servetque
943 1804 1107 1888 minister,
1182 1802 1189 1838 ·'
1288 1809 1289 1838 ³

275 1891 373 1961 Sume
397 1891 578 1980 Saguntino
601 1893 720 1981 pocula
741 1891 831 1960 fecta
854 1895 933 1960 luto.

452 2003 454 2008 Ι
495 2031 577 2101 CIX.
601 2033 719 2102 Calices
737 2035 894 2120 ynnmoti.
1143 2019 1158 2071 ¹

231 2139 438 2208 Gemmatum
463 2138 625 2226 Scythicis
648 2144 686 2206 ut
709 2141 817 2206 luceat
839 2139 971 2226 ignibus
995 2163 1127 2226 eurum,

275 2228 404 2315 Aspice.
441 2227 528 2306 Quot
551 2230 672 2316 digitos
696 2229 785 2296 exuit
806 2229 869 2296 iste
893 2230 992 2298 calix!

540 2345 694 2454 Amordla
711 2371 845 2456 eornm

230 2474 303 2541 Hac
325 2474 403 2540 licet
424 2474 460 2540 in
482 2495 627 2562 gemma,
650 2481 760 2542 servat
784 2497 866 2562 quae
888 2476 1022 2544 nomina
1044 2473 1179 2565 Cosmi,

275 2563 470 2644 Luxuriose,
492 2565 600 2648 bibus,
625 2565 652 2630 si
675 2565 794 2632 folieta
818 2565 900 2632 sitis.

542 2704 626 2773 CXI.
648 2706 848 2794 Crystallina.

230 2809 395 2898 Frangere
418 2810 495 2877 dum
517 2812 651 2895 metuis,
667 2812 801 2900 franges
821 2812 1025 2899 crystallina:
1048 2818 1197 2897 peceant

276 2897 414 2966 Securae
437 2899 575 2964 nimium
599 2901 823 2987 sollicitaeque
846 2922 971 2968 manus.

557 3040 692 3108 Nimbus
709 3044 834 3132 venereus.

231 3137 362 3205 Alone
385 3137 441 3223 qui
463 3137 586 3223 veniet,
609 3140 774 3206 miscenda
797 3139 837 3204 ad
860 3139 979 3225 pocula
1000 3138 1114 3226 largas

275 3226 403 3320 Fundet
426 3226 557 3293 nimbus
581 3251 694 3314 aquas:
717 3229 771 3294 hio
795 3227 857 3293 tibi
879 3227 958 3294 vina
980 3227 1082 3294 dabit.

545 3367 660 3436 CXIII.
683 3373 845 3438 nocerem

232 3474 267 3541 si
291 3473 419 3541 caldum
442 3480 553 3560 potas,
577 3478 704 3543 ardenti
726 3500 837 3544 murra
860 3474 1000 3542 Falerno

276 3560 436 3628 Convenit
458 3567 492 3628 et
515 3565 631 3631 melior
653 3565 691 3630 fit
714 3589 813 3652 sapor
835 3563 909 3632 inde
934 3584 1031 3632 mero.
