2610 4048
182 207 240 274 -46
524 183 911 264 nvennmumms

240 369 369 437 Mecum
392 369 457 435 eris
481 389 561 455 ergo
584 366 699 434 miser:
722 365 810 451 quod
833 365 863 432 si
885 365 963 467 deus
983 385 1039 431 ore
1062 385 1179 430 sereno

285 457 458 543 Adnuerit,
480 456 576 542 felix,
599 455 756 538 Candide,
779 453 870 522 solus
893 475 967 522 ens.
1300 481 1301 534 5

622 609 626 618 ·
653 595 757 663 xxv,
771 545 842 630 ss?

240 705 309 773 Das
330 725 512 790 nunquam,
536 725 663 790 semper
686 701 869 790 promittis,
893 699 1004 787 Galla,
1025 701 1168 788 roganti.

286 792 322 862 Si
345 815 473 880 semper
495 791 600 878 fallis,
622 793 689 858 iam
712 812 809 878 rogo,
833 787 944 876 Galla,
965 811 1060 878 nega.
1144 787 1147 791 ⁴
1300 785 1301 792 '

540 941 542 944 ·
640 931 761 999 xxm.
793 905 842 964 s

242 1041 336 1122 Quod
356 1041 524 1128 querulum
544 1039 661 1126 spirat,
680 1039 767 1126 quod
785 1037 938 1104 acerbum
952 1037 1080 1106 Naevia
1097 1039 1225 1126 tussit,
1300 1043 1301 1124 ἶ

285 1129 388 1216 Inque
410 1134 485 1195 tuos
509 1129 613 1194 mittit
636 1132 734 1212 sputa
757 1127 894 1194 subinde
918 1129 1021 1214 sinus,
1300 1125 1301 1136 ’

239 1217 311 1286 Iam
334 1223 367 1284 te
389 1241 458 1284 rem
480 1217 616 1302 factam,
639 1215 826 1302 Bithynice,
849 1217 953 1283 eredis
977 1216 1120 1284 habere?

286 1307 401 1374 Erras:
423 1306 592 1372 blanditur
614 1303 753 1388 Naevia,
776 1327 845 1372 non
867 1306 1015 1372 moritur.
1096 1321 1098 1325 ·

241 1555 444 1622 Laudantem
467 1553 592 1622 Selium
615 1576 714 1621 cenae
736 1575 808 1620 cum
832 1554 916 1621 retia
938 1553 1044 1620 tendit

285 1645 419 1730 Accipe,
441 1643 510 1710 sive
534 1645 639 1730 legas,
663 1643 731 1710 sive
754 1647 911 1729 petronus
935 1663 1028 1730 agas:

241 1731 424 1820 ,‚‚,Effectel
447 1734 603 1819 graviter!
628 1734 672 1798 st!
694 1732 857 1818 nequiter!
881 1735 977 1819 euge!
1000 1731 1108 1798 beate!
1300 1799 1301 1802 ,

285 1821 359 1888 Hoc
379 1821 524 1889 voluil““
544 1819 666 1908 ,AEaota
689 1825 739 1886 est
761 1821 827 1886 iam
849 1820 911 1886 tibi
934 1841 1026 1905 cena,
1048 1820 1154 1886 tuce.“
1181 1833 1187 1864 ¹
1300 1861 1301 1896 3

88 2049 90 2052 ,
173 2043 234 2052 .,
518 2040 582 2051 ,,
628 1959 833 2048 xxvm
912 2038 918 2046 .

99 2051 127 2093 ⁶
241 2071 360 2137 Rideto
383 2071 524 2136 multum
548 2070 603 2157 qui
624 2073 671 2153 te,
695 2067 843 2157 Sertille,
866 2069 1034 2136 cinaedum

285 2159 416 2226 Dixerit
439 2163 472 2224 et
495 2159 635 2245 digitum
657 2157 817 2243 porrigito
840 2158 991 2226 medium.

243 2247 307 2315 Sed
328 2269 389 2314 nec
411 2247 545 2332 paedico
569 2269 603 2313 es
626 2267 685 2312 nec
707 2250 758 2331 tu,
781 2245 929 2330 Sextille‚
952 2247 1091 2330 fututor,
1116 2242 1118 2248 ’

289 2333 393 2403 Calda
414 2333 607 2400 Vetustinae
624 2357 690 2400 nec
712 2335 776 2399 tibi
798 2335 898 2402 bucca
920 2337 1038 2420 placet.

216 2426 296 2492 oEx
318 2425 391 2490 istis
414 2423 498 2490 nihil
522 2447 571 2508 es,
592 2422 712 2508 fateor,
736 2421 884 2489 Sextille:
906 2424 985 2510 quid
1008 2444 1086 2511 ergo
1110 2429 1170 2490 es?

286 2512 423 2598 Nescio,
445 2513 502 2580 sed
524 2516 561 2578 tu
585 2512 648 2578 sois
671 2533 723 2578 res
747 2533 916 2598 superesse
939 2512 1029 2578 duas.

643 2651 762 2720 XXIX
793 2631 847 2692 N!

243 2762 343 2846 Rufe,
366 2761 456 2826 vides
479 2759 573 2825 illum
597 2759 754 2826 subsellia
776 2761 882 2844 prima
905 2763 1077 2844 terentem,

290 2849 390 2918 Cuius
413 2853 447 2915 et
468 2849 545 2914 hinc
567 2849 655 2914 lucet
678 2847 921 2933 sardonychata
944 2870 1059 2915 munus

243 2938 398 3024 Quaeque
421 2937 531 3022 Tyron
554 2937 676 3003 totiens
699 2941 873 3022 epotavere
894 2938 1043 3003 lacernae
1152 2976 1154 2980 ·
1180 2977 1196 2982 ,.
1271 2981 1274 2985 -
1300 2939 1301 2984 ἶ

288 3027 335 3094 Et
357 3031 437 3112 toga
460 3048 527 3091 non
549 3030 657 3092 tactas
679 3026 808 3092 vincere
830 3026 920 3091 iussa
942 3026 1047 3109 nives,

216 3115 344 3184 ccuius
368 3116 436 3182 olet
457 3119 528 3180 toto
552 3115 684 3202 pinguis
705 3117 800 3182 *coma
822 3113 1034 3180 Marcelliano

287 3204 334 3270 Et
356 3203 530 3290 splendent
552 3204 646 3270 volso
670 3204 805 3270 brachia
827 3202 909 3268 trita
931 3203 1014 3288 pilo,

241 3293 318 3360 Nou
341 3289 496 3358 hesterna
520 3292 611 3358 sedet
634 3293 748 3358 lunata
770 3293 899 3378 lingula
921 3287 1091 3376 planta,

288 3380 429 3449 Coccina
450 3403 518 3448 non
540 3383 666 3448 laesum
688 3381 796 3468 pingit
819 3382 911 3448 aluta
933 3381 1061 3466 pedem,
1126 3416 1131 3424 ·

242 3471 290 3536 nt
310 3492 485 3537 numerosa
508 3471 616 3536 linunt
638 3469 824 3536 stellantem
847 3469 974 3555 splenia
996 3469 1145 3536 frontem.
1300 3497 1301 3500 ¹

199 3573 233 3624 10
286 3557 425 3647 Ignoras
449 3559 527 3645 quid
550 3559 618 3626 sit?
642 3559 767 3645 splenia
790 3558 885 3643 tolle,
908 3557 1007 3645 leges.
1300 3581 1301 3670 y

1128 2039 1187 2102 t·
