2528 4038
168 183 234 250 132
496 177 535 237 II.
554 175 638 235 VAL.
652 173 857 246 ‚Mfflrmls

637 337 709 406 XX.

211 450 326 518 Mutua
347 454 381 518 te
403 451 534 516 centum
557 445 723 530 sestertia,
744 443 892 531 Phoebe,
914 443 1044 532 rogari,

256 539 340 607 (lum
362 539 444 606 mihi
466 536 604 604 dixisses
627 533 749 620 „exigis
773 555 852 622 ergo
876 533 999 600 nihill“

212 629 368 716 Inquiris,
391 626 537 708 dubitas,
560 625 722 692 cunctaris
746 644 861 708 meque
885 623 998 688 diebus

256 718 365 806 Teque
388 715 499 782 decem
521 714 662 780 crucias:
684 712 752 778 iam
774 732 871 798 rogo,
893 711 1039 796 Phoebe,
1062 733 1158 800 nega.

630 853 720 920 XXI.

213 963 407 1051 Perpetuam
431 959 555 1028 Stellae
578 961 654 1027 dum
677 959 784 1046 iungit
806 957 961 1026 Ianthida
984 961 1056 1028 rati

257 1053 358 1119 Laeta
379 1051 506 1136 Venus,
528 1049 610 1116 dixit
631 1049 728 1135 „Plus
752 1047 829 1114 dare
851 1070 920 1115 non
942 1049 1066 1135 potui.“
1124 1098 1125 1101 ,

214 1141 303 1208 Haec
326 1163 435 1209 eoram
457 1139 603 1242 domina3
626 1138 683 1204 rad
702 1137 842 1240 uequius
857 1138 949 1240 'illud
970 1141 1005 1204 in
1029 1161 1122 1206 aure:

189 1229 324 1404 oSad'dd
342 1226 947 1404 dgooqffisdeiijdrcdeildaeridffsddriiiddda
969 1315 1089 1403 cecidi,

258 1406 438 1494 Legitimos
461 1409 549 1472 esset
570 1427 645 1471 oum
667 1425 771 1491 vagus
794 1409 871 1470 ante
893 1409 993 1471 toros.

216 1494 279 1562 Sed
301 1499 475 1582 postquam
498 1515 589 1560 meus
613 1497 676 1578 est,
698 1493 790 1558 nulla
812 1515 864 1558 me
886 1493 1017 1583 paelice·
1036 1495 1147 1561 laesit:

116 1605 120 1619 ¹
257 1583 340 1650 Tam
362 1585 450 1671 frugi
471 1583 554 1649 Iuno
577 1583 676 1648 vellet
698 1581 818 1646 habere
840 1581 979 1649 Iovem.“

215 1672 322 1756 Dixit,
344 1676 378 1738 et
400 1693 518 1738 arcano
541 1671 701 1757 percussit
722 1673 856 1755 pectora
878 1671 959 1736 loro.

173 1781 205 1828 ro
259 1761 364 1848 Plaga
385 1761 490 1827 iurat:
513 1759 570 1826 sed
592 1763 629 1825 tu
651 1759 731 1843 iarn,
753 1759 829 1844 dea,
846 1760 942 1826 caede
966 1759 1061 1827 duos.
1167 1795 1173 1833 r

623 1916 728 1986 XXII.

216 2027 308 2107 Quod
330 2026 441 2112 nubis,
463 2025 650 2104 Proculina,
673 2024 851 2091 concubino
1135 2017 1146 2068 ¹

214 2118 274 2197 Et,
297 2115 467 2184 moechum
492 2114 601 2198 modo,
623 2135 708 2180 nunc
730 2113 812 2180 facis
835 2116 1004 2200 maritum,

215 2205 266 2272 Ne
290 2205 342 2270 lex
363 2203 448 2270 Iulia
470 2207 504 2268 te
526 2208 640 2268 notare
662 2203 781 2288 possit:

215 2293 293 2361 Non
314 2293 424 2391 nubis,
446 2291 633 2377 Proculina‚
655 2291 711 2356 sed
734 2291 857 2358 lateris.

615 2449 735 2516 XXIII.

218 2560 313 2626 Stare
335 2559 426 2625 iubes
448 2563 599 2624 nostrum
622 2579 749 2642 semper
771 2557 847 2642 tibi,
870 2556 999 2645 Lesbia,
1023 2585 1153 2650 penem:

200 2728 201 2736 ἵ
262 2647 364 2715 Crede
387 2647 480 2732 mihi,
503 2669 569 2712 non
592 2651 642 2712 est
664 2646 824 2732 mentula,
849 2646 934 2732 quod
957 2647 1095 2740 digitus.

217 2739 266 2804 'l'u
290 2738 366 2804 lieet
388 2739 421 2802 et
444 2737 593 2801 manibus
616 2735 746 2800 blandis
771 2740 803 2800 et
826 2736 959 2803 vocibus
982 2740 1104 2828 instes,

262 2826 307 2892 Te
330 2827 444 2891 contra
466 2823 565 2890 facies
588 2823 765 2910 imperiosa
787 2827 845 2890 tua
868 2831 927 2892 est.

619 2981 737 3049 XXIV.
752 2967 755 2978 ’

210 3056 275 3158 'Nu
298 3091 446 3158 lascivius
470 3094 518 3158 ese
540 3081 758 3158 Charisialoz'

219 3179 446 3286 Saturnalibus
470 3179 617 3246 ambulat
640 3183 784 3266 togatus.

626 3337 728 3406 XXV.

219 3444 420 3529 Marcelline,
443 3445 521 3511 boni
545 3447 675 3514 subeles
699 3447 824 3515 sincere
846 3449 1006 3536 parentis,
1247 3521 1248 3526 ,

125 3602 130 3608 ,
263 3532 404 3598 Horrida
428 3531 601 3602 Parrhasio
625 3559 721 3624 quem
743 3543 834 3605 tenet
857 3562 934 3608 ursa
957 3541 1053 3659 iugo,
1246 3567 1249 3692 p
