2596 4034
157 175 160 182 '
209 138 287 242 ‘212
552 171 908 231 ravennianus

267 435 302 504 Si
326 437 428 503 credis
452 435 548 521 mihi,
572 437 705 520 Quinte,
729 435 815 521 quod
839 433 987 516 mereris,

267 524 420 608 Natales,
443 525 553 608 Ovidi,
576 531 649 591 tuas
673 524 805 610 Apriles

269 615 314 682 Ut
335 619 465 680 nostras
490 636 563 678 amo
587 613 726 680 Martias
747 611 920 678 Kalendas.

267 703 360 769 Felix
382 707 520 788 utraque
544 703 599 767 lux
622 703 753 788 diesque
776 701 871 766 nobis

242 791 425 878 sSignaudi
448 791 639 858 melioribus
664 790 797 876 lapillis!

153 907 161 914 ·
268 880 331 946 Hic
354 881 456 946 vitam
480 881 610 958 tribuit,
635 881 690 944 sed
713 879 767 946 hic
790 877 957 944 amicum.'
1145 953 1146 956 Ἴ

268 969 346 1036 Plus
370 969 462 1054 dant,
484 966 617 1052 Quinte,
640 967 821 1049 mihituae
843 965 1019 1032 Kalendae.

582 1120 585 1125 ·
688 1098 775 1166 Lm,

269 1197 383 1264 Natali
407 1199 482 1284 tibi,
506 1196 638 1284 Quinte,
661 1203 719 1264 tuo
743 1198 820 1264 dare
843 1219 946 1284 parva
968 1196 1121 1262 volebam

313 1285 461 1371 Munera3
484 1291 522 1352 tu
544 1287 713 1372 prohibes:
738 1285 932 1372 imperiosus
954 1285 1053 1352 homo
1078 1307 1120 1350 es.

270 1375 451 1440 Parendum
476 1378 526 1440 est
549 1377 697 1460 monitis,
721 1377 778 1441 fiat
802 1375 887 1460 quod
912 1379 1046 1461 uterque
1070 1374 1221 1440 volemus

313 1462 359 1528 Et
382 1463 467 1550 quod
490 1469 663 1550 utrumque
686 1465 790 1530 iuvat:
818 1469 856 1529 tu
879 1463 973 1550 mihi,
997 1461 1129 1547 Quinte,
1152 1463 1247 1528 datu.

691 1594 776 1662 LIV.
908 1617 911 1622 ·

271 1692 306 1759 Si
330 1693 412 1757 milri
435 1692 554 1758 Picena
577 1694 692 1759 turdus
717 1695 856 1779 palleret
880 1693 980 1778 oliva,

313 1779 474 1847 Tenderet
497 1787 553 1847 aut
576 1789 707 1848 nostras
731 1783 816 1848 silva
838 1781 959 1848 Sabina
982 1784 1112 1870 plagas,

269 1869 338 1936 Ant
362 1874 524 1936 crescente
547 1871 628 1936 levis
652 1871 841 1937 traheretur
859 1871 1040 1936 harundine
1064 1872 1188 1956 praeda

314 1957 452 2046 Pinguis
477 1965 509 2024 et
531 1959 707 2044 implicitas
732 1961 826 2046 virga
848 1967 974 2026 teneret
998 1983 1088 2026 aves:

227 2045 366 2132 ellare,
388 2048 482 2114 daret
506 2049 662 2113 sollemne
685 2049 745 2113 tibi
770 2050 923 2135 cognatio
947 2071 1079 2134 munus,
1106 2045 1107 2049 ¹

313 2135 382 2202 Nec
404 2135 507 2202 frater
529 2137 623 2201 nobis
646 2159 704 2202 nec
728 2137 817 2222 prior
840 2142 927 2204 esset
951 2161 1039 2204 avus.

270 2224 366 2292 Nunc
389 2229 521 2290 sturnos
543 2225 656 2308 inopes
679 2225 964 2312 fringillorumque
988 2227 1150 2312 querellas

315 2313 417 2378 Audit
440 2319 473 2378 et
497 2319 611 2398 arguto
634 2335 766 2399 passere
790 2321 906 2381 vernat
930 2337 1021 2402 ager3

270 2401 348 2467 Inde
372 2402 533 2467 salutatus
556 2401 646 2486 picae
670 2404 846 2488 respondet
869 2408 994 2487 arator,

228 2507 260 2557 10
314 2489 401 2555 Hinc
424 2511 526 2576 prope
550 2513 675 2555 summa
699 2514 800 2576 rapax
824 2492 942 2558 milvus
966 2495 1007 2557 ad
1031 2498 1120 2558 astra
1139 2496 1243 2562 volat.

270 2578 433 2645 Mittimus
457 2601 535 2665 ergo
559 2579 620 2643 tibi
643 2603 762 2664 parvae
787 2583 979 2647 munuscula
1002 2581 1140 2647 chortis:

314 2667 431 2746 Qualia
454 2668 483 2732 si
505 2668 634 2752 recipis,
657 2691 753 2753 saepe
777 2671 979 2756 propinquus
1006 2672 1078 2739 eris.

269 2907 355 2972 Luce
378 2906 648 2992 propinquorum,
672 2930 735 2992 qua
754 2909 900 2994 'plurima
923 2909 1067 2976 mittitur
1090 2911 1173 2996 ales,

313 2995 400 3061 Dum
424 2993 545 3060 Stellae
568 2997 695 3081 turdos,
718 2997 794 3062 dum
818 3000 894 3080 tibi,
918 2997 1047 3082 Flacca,
1070 3022 1166 3086 pare,

270 3080 435 3152 Succurrit
457 3084 551 3149 nobis
575 3085 691 3171 ingens
715 3109 916 3174 onerosaque
940 3090 1050 3173 turba,

312 3172 350 3237 ln
374 3194 439 3256 qua
462 3194 496 3236 se
519 3173 660 3257 primunr
685 3175 821 3260 quisque
846 3199 1017 3264 meumque
1041 3181 1145 3262 putat.

243 3261 477 3328 aDenreruisse
501 3262 581 3336 dnos
605 3267 716 3328 votum
741 3269 804 3350 est;
828 3267 989 3332 offendere
1013 3269 1123 3352 plures

313 3351 377 3416 Vix
401 3354 524 3436 tutum3
547 3352 660 3416 multis
685 3355 814 3419 mittere
839 3356 923 3420 dona
947 3377 1046 3441 grave
1070 3360 1129 3421 est.

269 3438 340 3514 Qua
363 3459 497 3522 possum
521 3440 592 3506 sola
615 3442 743 3507 veniam
767 3445 894 3508 ratione
918 3445 1081 3510 merebor:

314 3527 382 3592 Nec
407 3525 529 3593 Stellae
552 3529 666 3596 turdos
690 3553 749 3596 nec
773 3533 850 3618 tibi,
873 3531 1001 3613 Flacce,
1025 3533 1120 3600 dabo.
