2596 4034
398 205 698 264 EPIGRAMMATON
716 206 784 264 LIB.
804 207 838 263 X.
1063 208 1129 274 243

153 369 308 456 Quisquis
332 371 396 436 eris
419 371 525 436 nostri
548 376 625 456 post
648 393 701 436 mc
723 373 879 456 regnator
903 369 1017 458 agelli,

198 459 350 524 Manibus
374 460 501 546 exiguis
526 482 634 526 annua
655 461 743 527 iustu
767 459 858 526 dato:

127 546 208 615 oSio
230 549 299 614 lare
323 553 495 636 perpetuo,
520 549 566 615 sio
588 549 688 616 turba
712 551 835 636 sospite
859 548 948 616 solus

199 637 334 704 Flebilis
357 638 393 704 in
416 642 503 704 terra
527 640 572 704 sit
594 639 679 726 lapis
703 639 766 705 istc
790 642 857 706 tua.

570 753 672 820 LXII.

154 843 240 909 Ludi
263 841 435 929 magister,
458 865 555 928 parce
579 843 720 929 simplici
743 843 873 910 turbae:

100 962 106 970 ·
155 932 209 999 Sic
232 937 264 998 te
287 933 476 1016 frequentes
500 931 635 998 audiant
657 933 805 1016 capillati
969 939 976 948 '

154 1023 202 1088 Et
225 1021 383 1087 delicatae
407 1021 669 1107 diligat'ehorus
693 1042 837 1104 mensae,

153 1109 225 1177 Neo
248 1112 425 1176 calculator
446 1131 506 1175 neo
528 1113 677 1176 notarius
695 1111 795 1176 'velox

18 1246 20 1251 -
127 1199 280 1266 ohlaiore
304 1201 476 1284 quisquam
500 1199 620 1266 circulo
644 1203 827 1266 coronetur.

155 1289 262 1353 Albae
285 1288 380 1353 leone
403 1289 555 1354 flammeo
579 1289 687 1354 calent
710 1287 799 1354 luces

154 1377 355 1463 Tostamque
378 1376 506 1442 fervens
530 1376 635 1442 Iulius
659 1377 771 1462 coquit
794 1397 957 1443 messem..

154 1466 286 1533 Cirrata
308 1465 389 1531 loris
413 1465 555 1532 horridis
579 1464 720 1552 Scythae
743 1464 853 1551 pellis,

155 1555 227 1632 Qua
250 1555 421 1641 vapulavit
444 1555 593 1639 Marsyas
618 1553 830 1639 Celaenaeos,

111 1663 144 1712 10
155 1645 359 1730 Ferulaeque
382 1644 509 1729 tristes,
532 1647 662 1728 sceptra
684 1643 963 1730 paedagogorum,

156 1734 293 1801 Cessent
316 1737 350 1798 et
372 1732 449 1798 Idus
465 1733 633 1812 dormiant
655 1733 690 1798 in
705 1731 886 1797 ‘Octobrem

156 1824 291 1889 Aestate
314 1822 408 1908 pueri
431 1823 461 1888 si
483 1823 608 1904 velent,
632 1821 712 1886 sutis
737 1820 874 1886 discunt.

155 2027 322 2108 Marmora
344 2047 447 2111 perra
470 2024 613 2111 quidem,
637 2024 783 2091 sednon
806 2016 951 2110 cessura,
974 2023 1095 2108 viator,

200 2115 343 2182 Mausoli
366 2115 453 2179 suxis
476 2114 750 2200 pyramidumque
773 2113 867 2200 legis.
901 2132 903 2137 ’

156 2205 213 2270 Bis
237 2227 310 2269 mea
332 2203 481 2268 Romano
505 2207 653 2286 spectata
676 2206 726 2266 est
750 2201 818 2267 vita
840 2201 998 2288 Tarento,

200 2295 247 2360 Et
269 2293 354 2358 nihil
378 2296 540 2357 extremos
565 2290 705 2376 perdidit
729 2295 805 2356 ante
827 2313 864 2356 ro
891 2313 941 2356 os:

129 2382 306 2468 oQuinque
329 2381 419 2448 dedit
441 2403 573 2466 pueros,
596 2379 734 2446 totidem
758 2379 839 2444 mihi
861 2312 943 2445 lguno
967 2381 1109 2466 puellas,

202 2469 379 2546 Cluserunt
402 2491 514 2536 omnes
538 2469 664 2534 lumina
685 2472 800 2533 nostra
822 2490 948 2534 manus.

51 2579 52 2582 ’
157 2560 307 2647 Contigit
331 2565 364 2625 et
386 2558 526 2624 thalami
549 2558 631 2622 mihi
654 2557 759 2644 gloria
782 2579 857 2622 rare
879 2557 1007 2644 fuitque

205 2649 278 2715 Una
300 2647 475 2735 pudicitiae
499 2647 645 2712 mentula
667 2651 746 2712 nota
769 2667 869 2712 meac.

569 2751 675 2818 LXIV

158 2844 344 2932 Contigeris
368 2844 484 2932 regina
506 2865 599 2910 meos
621 2843 649 2906 si
672 2839 766 2907 Polla
789 2841 932 2925 libellos,

203 2933 279 3000 Non
302 2933 421 2999 tetrica
442 2937 574 2998 nostros
598 2931 709 3016 excipe
733 2930 841 2996 fronte
864 2930 974 2996 iocos.'

156 3023 218 3090 Ille
238 3027 318 3088 'tuns
341 3027 449 3108 vome,
472 3019 641 3087 Heliconis
665 3019 773 3106 gloria
794 3019 929 3104 nostri,v

203 3111 312 3178 Pieria
334 3111 477 3178 caneret
490 3133 563 3177 eum
586 3108 657 3174 fera
680 3107 768 3172 bellu
791 3107 885 3188 tuba,

131 3200 236 3268 eNon
259 3206 371 3266 tumen
394 3199 525 3264 erubuit
547 3197 671 3264 lascivo
696 3195 801 3261 dicere
824 3217 921 3261 versu

202 3289 258 3376 „si
280 3311 341 3355 nee
363 3287 530 3375 paedicor,
553 3286 665 3372 Cotta,
689 3284 766 3371 quid
788 3283 843 3350 hie
864 3283 992 3350 facio?“

158 3485 243 3554 Cum
266 3489 300 3552 te
325 3484 522 3570 municipem
546 3391 795 3550 Crhiiidhiorum
897 3526 899 3531 .

158 3577 278 3661 lactes,
303 3573 537 3657 Charmeniou‚
559 3575 701 3660 negante
724 3569 840 3706 nullo,¹
922 3670 976 3728 w
