2528 4038
40 164 41 167 .
131 183 133 187 ⁴
205 213 249 280 94
533 213 572 272 u
590 213 670 272 vm.
690 209 893 270 ulamma

248 374 339 442 Haec
351 377 443 464 iuga,
458 399 555 466 quam
570 375 682 462 Nysae
695 375 810 460 colles,
828 375 904 462 plus
918 372 1070 442 Bacchus
1087 376 1220 458 amarit,

293 464 366 537 Hoc
388 487 492 553 nuper
514 464 625 551 Satyri
648 469 759 532 monte
784 464 900 532 dedere
922 464 1051 532 choros.
1145 551 1148 553 -

223 551 339 620 nHaec
361 553 497 620 Veneris
521 555 626 639 sedes,
647 553 890 622 Lacedaemone
913 553 1040 640 gratior
1065 553 1134 640 illi,

292 641 356 709 Hic
378 643 468 710 loeus
492 643 652 710 Herculeo
675 643 807 709 nomine
831 641 938 708 clarus
963 646 1042 707 eret

249 728 374 798 cuneta
394 731 503 798 iacent
526 732 667 798 flammis
690 737 724 798 et
746 731 835 796 tristi
857 751 966 796 mersa
987 729 1124 796 favilla:

292 818 362 888 Nee
384 821 494 907 superi
515 821 640 887 vellent
661 821 724 887 hoc
745 819 876 886 licuisse
899 817 972 886 sibi.

661 975 762 1046 XLV.
808 989 815 998 ·

248 1083 339 1153 Haeo
360 1085 423 1152 tibi
443 1108 505 1172 pro
527 1090 608 1154 nato
630 1086 727 1172 plene
750 1085 807 1150 dat
829 1083 936 1150 laetus
960 1105 1089 1172 acerra,

144 1245 147 1250 ,
292 1172 438 1260 Phoebe,
459 1175 629 1242 Palatinus
653 1195 789 1240 munera
810 1171 1023 1259 Parthenius,
1222 1179 1225 1184 '

247 1261 295 1330 Ut
318 1263 373 1350 qui
396 1263 503 1348 prima
524 1285 609 1331 novo
633 1264 743 1348 signat
767 1261 987 1347 quinquennia
1010 1262 1135 1350 lustro,

292 1350 433 1438 Impleat
454 1353 641 1418 innumeras
663 1349 787 1417 Burrus
811 1349 1035 1436 Olympiadas.
1225 1355 1230 1361 '

221 1438 314 1507 ellac
335 1444 410 1506 rata
431 1445 508 1506 vota
530 1441 649 1526 patris:
673 1439 720 1506 sic
742 1443 776 1505 te
798 1443 856 1504 tua
879 1439 997 1526 diligat
1020 1441 1123 1508 arbor

293 1527 442 1595 Gaudeat
464 1533 498 1594 et
520 1533 610 1595 corta
632 1528 821 1614 virginitate
845 1549 952 1612 soror,

248 1615 409 1703 Perpetuo
432 1617 480 1683 sio
501 1616 582 1684 flore
604 1617 718 1703 mices,
740 1616 787 1682 sio
811 1616 949 1703 denique
971 1639 1039 1684 non
1064 1619 1133 1684 sint

292 1703 376 1770 Tam
399 1704 516 1792 longae
540 1705 688 1791 Bromio,
711 1727 810 1792 quem
832 1705 909 1791 tibi,
926 1704 1075 1793 Phoebe,
1099 1729 1211 1774 comae.

550 1865 558 1877 '
653 1861 768 1930 XLVI.

248 1967 594 2037 Saturnalia‘divitem
617 1967 785 2036 Sabellum

246 2057 420 2125 Fecerunt:
442 2059 559 2125 merito
582 2063 687 2124 tumet
710 2055 872 2141 Sabellus,

246 2146 318 2214 Neo
340 2168 534 2234 quemquam
557 2151 653 2232 putat
676 2167 746 2213 esse
768 2148 1000 2235 praedicatque

247 2233 339 2302 Inter
362 2234 540 2301 causidicos
564 2234 753 2301 beatiorem.

221 2322 318 2389 oHos
340 2323 445 2389 fastus
469 2323 658 2409 animosque
682 2323 739 2389 dat
764 2322 896 2392 Sabello
997 2366 999 2370 .

246 2411 356 2476 Farris
379 2413 542 2478 semodius
565 2411 723 2498 fabaeque
745 2411 864 2496 fresne,
934 2451 935 2454 ¹
962 2473 967 2484 ,

246 2501 293 2566 Et
315 2499 397 2565 turis
419 2500 605 2585 piperisque
628 2504 696 2566 tres
720 2501 874 2586 selibrae,

246 2587 293 2654 Et
314 2587 476 2654 Lucanica
498 2593 612 2654 ventre
636 2611 709 2654 oum
730 2589 874 2674 Falisco,

246 2675 293 2741 Et
314 2675 402 2764 nigri
425 2675 508 2761 Syra
531 2677 651 2742 defruti
673 2679 808 2764 lagona,

204 2779 237 2830 ιο
247 2761 293 2828 Et
315 2765 395 2830 fieus
414 2764 538 2850 Libyca
561 2767 673 2852 gelata
695 2771 783 2832 testa
902 2775 904 2780 '

247 2850 329 2918 Gom
352 2852 462 2918 bulbis
485 2855 666 2941 cocleisque
689 2877 857 2942 cereoque.
991 2895 993 2899 ·
1124 2934 1130 2947 .

245 2939 363 3006 Piceno
387 2963 514 3027 quoque
538 2945 627 3009 venit
650 2967 670 3009 a
692 2945 810 3010 cliente

246 3028 368 3094 Parcae
391 3029 510 3096 cistula
532 3053 599 3098 non
622 3055 724 3118 capax
747 3035 866 3119 olivae,

246 3115 291 3182 Et
313 3137 423 3184 crasso
446 3120 540 3206 figuli
563 3121 668 3206 polita
690 3124 780 3188 caelo

203 3221 235 3270 ιι
246 3203 438 3291 Septenaria
461 3209 625 3292 synthesis
650 3209 805 3298 Sagunti,

245 3293 411 3375 Hispanae
434 3297 559 3362 luteum
583 3303 675 3364 rotae
698 3303 861 3385 toreuma,

246 3381 292 3446 Et
314 3382 383 3448 lato
406 3385 535 3449 variata
558 3407 679 3471 mappa
701 3388 803 3454 elevo.

248 3466 436 3535 Saturnalia
457 3471 675 3540 fructuosiora
795 3495 797 3500 ’

247 3555 353 3622 Annis
376 3579 442 3623 non
465 3558 582 3626 habuit
606 3562 716 3628 decem
740 3561 900 3632 Sabellus.
