2528 4038
185 214 250 282 144
511 211 550 271 n.
568 212 651 272 van.
670 207 869 268 manemus

647 375 747 444 LXX

228 465 451 554 sexagesima,
473 465 653 552 Marciaue,
676 463 791 532 messis

228 556 314 624 Aeta
337 559 389 622 est
412 560 459 638 ct,
481 557 577 641 puto,
600 556 665 620 ianr
690 550 830 620 secunda
853 549 986 636 Cottae,

228 643 299 712 Neo
321 666 356 710 se
378 643 488 710 taedia
509 644 619 710 lectuli
643 641 778 710 calentis

228 733 408 819 Expertum
432 733 581 798 meminit
604 733 655 798 die
677 729 730 798 vel
752 751 827 798 uno.

199 826 218 890 't
228 821 381 890 Ostendit
404 821 558 908 digitum,
581 821 637 886 sed
659 819 873 905 impudicum,

228 910 363 979 Alconti
385 909 552 997 Dasioque
576 907 846 994 symmachoque.

228 999 275 1065 At
296 999 402 1066 nostri
424 999 507 1064 bena
531 1001 759 1085 computentur
782 995 859 1062 anni

227 1087 274 1154 let
297 1091 456 1174 quantum
478 1087 614 1153 tetricae
636 1088 741 1154 tulere
762 1085 870 1151 febres

228 1177 297 1242 Aut
317 1177 457 1264 languor
481 1176 592 1264 gravis
616 1180 673 1242 ant
697 1176 776 1242 mali
799 1173 942 1258 dolores,

186 1265 259 1332 10A
281 1265 351 1332 uita
374 1265 509 1332 meliore
533 1269 736 1350 separentur:

227 1351 522 1439 Infantes'surnus,
546 1359 580 1420 et
601 1375 693 1419 senes
716 1353 872 1418 videmur.

228 1443 381 1508 Aetatem
404 1441 590 1529 Priamique
612 1441 825 1526 Nestorisque

228 1529 376 1617 Longam
400 1532 455 1616 qui
480 1537 573 1616 putat
596 1553 680 1615 esse,
702 1529 880 1614 Marciana,

228 1617 370 1685 Multum
393 1619 616 1706 decipiturque
639 1619 841 1704 falliturque.

185 1725 219 1776 15
228 1706 305 1774 Non
328 1713 379 1774 est
401 1709 521 1795 vivere,
545 1709 601 1776 sod
624 1709 731 1774 valere
754 1707 833 1774 rita.
856 1779 858 1784 ,

228 1931 333 2014 Edere
356 1946 496 2013 lascivos
520 1947 560 2014 ad
582 1855 906 2013 BadtchdIbrusmata
929 1946 1041 2034 gestus

273 2035 320 2102 nt
342 2034 512 2102 Gaditanis
536 2035 645 2101 ludere
669 2035 765 2101 docta
788 2034 908 2118 modis,

114 2139 116 2142 ’
229 2123 374 2190 'Pendere
390 2147 471 2210 quae
490 2125 665 2191 tremulum
680 2122 794 2190 Pelian
807 2121 1025 2209 Hecubaeque
1043 2121 1190 2188 maritum

272 2211 389 2279 Posset
412 2213 452 2279 ad
475 2213 656 2280 Hectoreos
680 2213 857 2279 sollicitare
879 2233 995 2299 rogos,

203 2299 304 2369 eUrit
328 2306 361 2368 et
383 2302 544 2368 excruciat
567 2301 733 2367 dominum
755 2299 934 2367 Telethusa
957 2300 1113 2384 priorem:

273 2389 431 2457 Vendidit
454 2391 623 2478 ancillam,
645 2412 731 2456 nune
754 2389 886 2455 redimit
909 2389 1083 2456 dominam.

627 2539 761 2616 Lxxfl:

229 2629 295 2695 Fur
317 2634 415 2696 notae
438 2628 575 2694 nimium
598 2629 789 2714 rapacitatis

230 2715 415 2804 compilare
438 2717 522 2785 Cilix
546 2718 679 2784 volebat
701 2718 848 2804 hortum,

228 2805 360 2892 Ingenti
383 2807 439 2872 sed
463 2811 546 2892 erat,
569 2805 715 2892 Fabulle,
740 2809 773 2872 in
797 2808 894 2874 horto

228 2894 363 2961 Praeter
386 2917 603 2961 marmoreum
626 2897 709 2961 nihil
733 2895 897 2980 Priapum.

203 2982 315 3049 eDum
338 2985 497 3050 non‘vult
519 3007 622 3050 vacua
645 3006 743 3050 manu
766 2986 885 3069 redire,

228 3071 340 3157 Ipsum
363 3072 522 3159 surripuit
545 3070 630 3139 Cilix
652 3073 818 3160 Priapum.

616 3213 764 3282 LXXIII.

227 3298 304 3365 Non
327 3299 417 3366 rudis
439 3301 571 3380 indocta
593 3302 671 3370 facit
694 3327 746 3369 me
769 3303 852 3371 falce
876 3305 1026 3372 colonus:
1108 3341 1110 3346 ⁸

272 3389 518 3475 Dispensatoris
541 3392 651 3458 nobile
674 3394 779 3459 cernis
804 3415 895 3480 opus.

229 3473 315 3542 Nam
338 3475 511 3544 Caeretani
534 3481 641 3548 cultor
663 3483 855 3548 notissimus
879 3483 951 3570 agri

272 3563 341 3630 Hos
365 3564 500 3634 Hilarus
524 3569 624 3636 eolles
648 3573 681 3636 et
703 3571 781 3658 iuga
804 3571 893 3638 laeta
915 3576 1015 3639 tenet.
