2596 4034
357 719 404 796 M.
433 719 541 797 VAL.
569 717 834 794 MAR'PIALIS

285 894 909 1014 EPIGRAMMATON-
967 998 970 1003 .

467 1088 603 1157 urens
625 1088 717 1156 vnr.

119 1265 319 1351 Imperatori
340 1237 527 1334 Domitiano
551 1266 682 1335 Caesari
703 1267 846 1352 Aaprrsta
871 1267 1058 1337 Germanico

327 1356 445 1425 Dacico
474 1357 617 1424 Valeriae
639 1357 808 1424 Martialis
827 1356 860 1423 S.

148 1533 271 1601 Omnes
296 1535 426 1622 quidem
454 1535 560 1602 libelli
584 1533 661 1613 mei,
685 1533 826 1618 dominc,
851 1535 967 1620 quibus
996 1540 1033 1602 tu
1055 1534 1100 1602 la·

69 1647 185 1702 mam,
208 1624 241 1688 id
266 1629 317 1690 est
335 1624 455 1710 vitem,
479 1623 611 1708 dedisti,
634 1623 696 1688 tibi
721 1623 921 1710 supplicant3
944 1629 990 1709 et,
1010 1630 1100 1710 puto,

68 1717 218 1800 propter
232 1713 296 1779 hoe
310 1714 470 1799 legentur.
490 1712 552 1778 Hic
567 1717 687 1796 tamen,
702 1711 758 1798 qui
772 1712 877 1798 operis
893 1713 1000 1778 nostri
1014 1716 1100 1780 octa·

68 1817 140 1869 v'us
163 1802 369 1887 inscribitur,
393 1802 563 1868 occasione
586 1801 720 1886 pietatis
743 1801 945 1888 frequentius
971 1802 1099 1868 fruitur.

43 1893 193 1971 sllinus
212 1894 321 1976 itaque
340 1890 471 1977 ingenio
495 1889 711 1956 laborandum
734 1889 811 1972 fuit,
829 1891 864 1954 ιιι
883 1892 973 1956 cuius
992 1891 1100 1957 locum

68 1979 222 2061 materis
241 1983 455 2046 successerat:
475 2001 573 2065 quam
592 1978 723 2065 quidem
737 1979 872 2044 subinde
888 1979 998 2064 alique
1011 1979 1096 2046 ioco-

66 2091 151 2136 rum
172 2068 315 2134 mixturo
333 2069 461 2135 variare
480 2068 728 2154 temptavimus,
741 2089 783 2132 ne
802 2067 923 2133 coelest
924 2069 935 2132 i
909 2071 1099 2134 tverecun·

67 2161 149 2225 diae
170 2160 248 2224 tuae
267 2157 379 2224 leudes
399 2179 489 2242 suas,
509 2179 590 2242 quae
609 2156 738 2222 facilius
753 2161 786 2222 te
803 2155 865 2222 fat'
840 2161 946 2244 trgare
961 2157 1098 2242 possint,

67 2271 179 2335 quam
207 2269 267 2312 nas
296 2246 432 2331 satiare,
459 2246 565 2313 omnis
594 2267 706 2310 versus
734 2245 906 2330 ingereret.
943 2243 1098 2322 Quamvis

28 2355 55 2403 10
67 2342 192 2404 antem
217 2299 454 2439 epigrammaia
474 2357 494 2402 a
512 2333 728 2400 severissimis
752 2338 933 2436 quoqueet
952 2355 1098 2400 summae

64 2429 232 2493 fortunae
255 2425 335 2491 viris
358 2425 407 2490 ita
431 2424 553 2510 scripta
535 2423 657 2508 asint,
680 2429 717 2488 t
739 2445 904 2489 mimicam
923 2423 1098 2488 verborum

65 2514 247 2582 licentiam
267 2514 362 2580 effect
347 2519 437 2580 tasse
456 2514 587 2578 rideant
573 2516 627 2578 tur
631 2531 714 2598 ‚ego
735 2515 845 2578 tamen
859 2511 927 2576 illis
946 2533 1013 2577 non
1026 2533 1097 2598 per·
1113 2583 1114 2586 Ἴ

65 2605 153 2671 misi
175 2606 245 2668 tarn
264 2603 386 2669 lascive
405 2603 496 2687 loqui
515 2623 614 2687 quam
631 2564 749 2666 'solent
773 2599 855 2666 Cum
873 2623 950 2704 pars
969 2600 1048 2666 libri
1066 2605 1099 2666 et

66 2693 186 2759 maior
210 2695 244 2758 et
267 2691 382 2757 melior
406 2691 447 2756 ad
471 2691 675 2756 maiestatem
697 2689 781 2755 sacri
798 2690 939 2756 nominis
960 2690 1009 2755 tui
1028 2691 1097 2754 alli·

25 2801 53 2849 ιι
66 2787 158 2871 gata
192 2781 250 2866 sit,
277 2779 463 2846 meminerit
492 2802 560 2845 non
588 2779 654 2844 nisi
684 2778 840 2866 religiosa
870 2779 1098 2865 purificatione

65 2873 202 2938 lustrat
203 2891 240 2935 os
187 2869 415 2936 taccedere
439 2869 478 2934 ad
501 2867 628 3020 templa
651 2867 775 2933 debere.
813 2865 907 2944 Quod
930 2871 967 2933 ut
991 2872 1096 2934 custo·

65 2963 224 3028 diturum
248 2980 300 3024 me
322 2959 388 3024 lect
373 2958 440 3024 ιιιιι
464 2957 583 3041 sciant,
601 2957 635 3022 in
654 2956 725 3041 ipso
746 2955 850 3022 libelli
868 2955 965 3022 huius
985 2956 1097 3023 limine

65 3047 227 3138 profiteri
249 3047 443 3134 brevissimo
467 3008 591 3134 placuit
614 3044 879 3132 epigrammate..

574 3204 602 3272 I.

7 3319 9 3376 t
116 3313 320 3401 Laurigeros
344 3313 481 3399 domini,
504 3311 635 3396 libers
625 3313 675 3376 ιιιι
676 3333 712 3376 ra
714 3313 786 3376 turo
809 3314 944 3397 penates

166 3403 266 3470 Disce
289 3403 472 3470 verecundo
496 3405 588 3468 sanct
590 3401 640 3466 ius
662 3421 720 3464 ore
742 3400 842 3486 loqui

116 3491 220 3560 Nuda
243 3493 354 3558 recede
377 3489 504 3576 Venus3
527 3513 595 3557 non
617 3493 687 3555 est
690 3492 765 3554 tuus
789 3489 852 3554 iste
819 3487 1020 3564 tlibellus·

166 3582 217 3648 Tu
240 3581 397 3667 ιιιιιιι,ιιι
359 3579 532 3648 tPallas
556 3577 765 3664 Caesariana,
789 3577 872 3644 veni.
