2596 4032
151 194 257 284 Ι314
520 181 877 248 nununnaunns

554 304 639 420 LIII.
662 352 842 437 Attapenae.

234 451 326 519 Inter
349 473 482 540 sapores
505 451 610 518 fertur
633 448 749 516 alitum
771 450 897 534 primus
1021 481 1023 484 ·

235 539 420 609 Ionicarum
443 546 559 630 gustus
583 543 823 626 attagenarum.

500 679 599 746 LXII.
624 680 772 747 Gallinae
794 680 903 746 altiles.

237 779 388 848 Pascitur
410 782 443 845 et
466 777 553 844 dulci
575 777 683 843 facilis
707 776 833 862 gallina
854 776 974 862 lucina,

280 867 432 936 Pascitur
454 871 488 934 et
511 865 664 932 tenebris.
701 865 876 952 Ingeniosa
900 867 979 953 gula
1001 869 1061 932 est.

557 1004 674 1072 LXIII.
697 1005 844 1090 Capones.

239 1069 290 1173 Ne
311 1105 409 1172 nimis
433 1103 591 1170 exhausto
616 1107 830 1170 macresceret
852 1103 987 1191 inguine
1011 1103 1139 1190 gallus,
1230 1133 1231 1136 ¹

284 1193 406 1260 Amisit
428 1197 540 1260 testes.
576 1191 672 1259 Nunc
695 1191 778 1258 mihi
801 1193 909 1280 gallus
932 1192 1004 1258 erit.

585 1307 700 1399 univ.
724 1333 822 1399 cam.

241 1429 432 1498 Succumbit
455 1429 560 1496 sterili
582 1429 706 1496 frustra
730 1431 854 1518 galline
876 1429 1005 1496 marito.

284 1518 379 1586 Hanc
402 1519 518 1586 matris
542 1515 679 1605 Cybeles
703 1541 774 1584 esse
797 1518 933 1586 decebat
955 1539 1058 1583 avem.

362 1645 363 1648 ¹
435 1699 437 1704 -
565 1657 663 1725 LXV.
686 1659 836 1728 Perdices.

241 1765 379 1834 Ponitur
401 1763 556 1831 Ausoniis
580 1764 650 1830 avis
673 1765 752 1830 baec
776 1765 945 1831 rarissima
968 1764 1104 1832 mensis:

286 1853 437 1947 Huncin
459 1853 583 1939 piscina
605 1852 715 1918 ludere
738 1875 834 1938 saepe
857 1854 952 1920 soles.

491 1979 493 1982 ⁵
518 2025 519 2029 ¹
549 1991 667 2060 LXVI.
689 1976 868 2062 Columbae
989 2054 993 2061 .

243 2101 294 2169 Ne
316 2101 419 2167 violes
441 2104 570 2166 teneras
593 2099 724 2185 periuro
747 2100 843 2168 dente
866 2069 1048 2186 columbas,

218 2193 225 2204 ‘'
287 2189 423 2256 Tradita
446 2190 475 2254 si
498 2187 634 2254 Gnidiae
657 2193 735 2254 sunt
757 2189 820 2255 tibi
843 2211 936 2257 sacra
959 2191 1044 2256 deae.

549 2327 681 2396 LXVII.
704 2329 860 2398 Palumbi.

244 2436 283 2503 In
308 2437 384 2502 uina
407 2434 553 2520 torquati
575 2435 708 2500 tardant
729 2435 950 2522 hebetantque
973 2437 1140 2522 palumbi:

284 2457 365 2592 Iton
387 2525 461 2590 edat
483 2523 568 2589 hauc
589 2523 754 2590 uolucrem
777 2524 833 2610 qui
856 2525 946 2612 cupit
969 2547 1039 2592 esse
1063 2525 1170 2592 salax.
1284 2607 1285 2624 ξ

438 2670 442 2678 ’
549 2661 701 2730 LXVIII.
727 2663 865 2732 Galbuli.

246 2772 386 2840 Galbina
409 2769 567 2854 decipitur
591 2770 725 2836 calamis
749 2774 782 2836 et
804 2773 930 2838 retibus
944 2773 1036 2858 ales,

290 2861 416 2947 Turget
439 2859 543 2924 adhuc
565 2858 661 2924 viridi
685 2881 758 2924 cum
780 2860 870 2926 rudis
893 2883 957 2927 uua
980 2883 1078 2928 mero.

581 2997 696 3066 LXIX.
720 2998 836 3068 Cattae.
968 3006 970 3010 ’

245 3107 449 3176 Pannonicas
472 3107 567 3174 nobis
591 3129 757 3192 nunquam
781 3107 871 3173 dedit
893 3107 1033 3175 Umbria
1055 3113 1202 3179 cattam·

291 3213 416 3280 Mavult
439 3212 518 3280 haec
541 3212 671 3279 domino
696 3212 826 3278 mittere
845 3213 931 3279 dona
952 3213 1092 3280 Pudens.

574 3353 673 3421 LXX.
695 3355 844 3423 Paeones.

247 3463 392 3546 Miraris
415 3460 569 3546 quotiens
590 3465 794 3548 gemmantes
818 3461 958 3546 explicat
981 3461 1064 3546 alas,

291 3550 336 3616 Et
360 3554 454 3635 potes
477 3549 564 3616 hune
587 3572 683 3616 saevo
707 3551 850 3636 tradere,
873 3549 966 3634 dure,
989 3549 1090 3616 ccccl
