2610 4048
323 716 371 788 u.
399 715 509 791 vau.
537 716 800 794 ruamus
916 695 923 748 l

257 892 882 1016 EPIGRAMMATON·

488 1103 632 1172 arasa.

547 1281 574 1348 r

103 1383 244 1454 Barbara
266 1387 473 1474 pyramidum
497 1389 594 1456 sileat
616 1389 776 1456 miracula
798 1387 975 1475 Memphis,

143 1477 296 1562 Assyrius
319 1478 420 1543 iactet
442 1499 501 1544 neo
524 1476 697 1564 Babylona
718 1479 827 1562 labor;

102 1561 167 1631 Neo
188 1565 318 1631 Triviae
341 1568 465 1653 templo
490 1567 605 1633 molles
628 1567 802 1652 laudentur
823 1565 934 1651 Iones,

142 1651 334 1720 Dissimulet
357 1655 465 1722 Delon
488 1656 641 1724 cornibus
665 1678 723 1722 ara
744 1655 911 1742 frequens3

79 1739 181 1808 adero
203 1765 264 1810 neo
286 1765 389 1810 vacuo
411 1743 587 1830 pendentia
609 1744 778 1811 Mausolea

141 1831 303 1898 Laudibus
327 1833 511 1899 immodicis
535 1833 634 1901 Cares
657 1835 693 1900 in
715 1838 806 1900 astra
828 1832 944 1900 ferant.

101 1918 210 1986 (liranis
233 1919 393 1988 Caesareo
416 1923 502 1989 cedit
525 1923 620 1990 labor
642 1921 900 2007 amphitheatro,

142 2008 250 2076 Unum
273 2032 334 2097 pro
358 2011 483 2077 cunetis
506 2010 596 2078 lama
617 2011 770 2098 loquetur
793 2032 884 2096 opus.

537 2169 581 2237 IL

102 2273 156 2340 Hi'o
179 2276 235 2341 ubi
259 2275 403 2342 sidereus
426 2276 561 2363 propius
585 2276 675 2342 videt
699 2279 788 2342 astra
812 2275 958 2343 colossus

139 2363 183 2429 Et
206 2369 357 2430 creseunt
379 2363 486 2432 media
508 2369 664 2453 pegmata
687 2366 773 2431 oelsa
795 2365 861 2450 via,

100 2449 259 2519 Invidiosa
281 2453 344 2519 feri
367 2453 541 2519 radiabant
565 2455 649 2520 atria
671 2453 760 2542 regis

144 2540 277 2627 Unaque
300 2543 367 2607 iam
390 2546 462 2610 tota
485 2543 596 2608 stabat
619 2543 654 2608 in
676 2543 757 2608 urbe
781 2541 904 2609 domus.

75 2626 158 2694 aHio
180 2631 236 2696 ubi
259 2631 426 2716 conspicui
449 2631 645 2698 venerabilis
670 2631 905 2717 amphitheatri

140 2715 288 2806 Erigitur
311 2719 428 2806 moles,
452 2725 571 2806 stagna
594 2717 735 2786 Neronis
759 2724 862 2786 erant.

98 2805 157 2872 Hie
178 2808 235 2874 ubi
257 2809 417 2874 miramur
441 2810 565 2876 velocia
588 2831 723 2874 munera
745 2808 907 2893 thermas,
969 2859 971 2864 -

140 2896 331 2964 abstulerat
354 2897 483 2964 miseris
506 2901 595 2963 teota
617 2897 776 2984 superbus
800 2918 887 2984 agar.

97 2981 229 3052 claudia
252 2986 387 3052 diffusas
410 2987 468 3053 ubi
490 2987 637 3073 portious
661 2986 803 3072 explicat
825 2985 971 3072 umbras,

62 3085 88 3135 ιο
141 3071 263 3140 Ultima
286 3097 364 3161 pars
388 3076 481 3142 aulae
505 3076 684 3142 deficientis
708 3079 787 3140 erat

30 3209 33 3216 .
97 3159 232 3230 Ro‘ddita
246 3163 354 3230 Roma
372 3165 437 3230 sibi
456 3170 506 3232 est
524 3168 559 3231 et
577 3169 654 3230 sunt
667 3169 701 3229 te
719 3164 877 3251 praeside,
891 3162 1020 3249 Caesar,

139 3251 279 3320 Deliciae
303 3253 430 3340 populi,
453 3277 536 3341 quae
559 3253 690 3319 fuerant
713 3251 845 3320 domini

398 3449 401 3456 -
502 3411 585 3497 .111·

98 3515 179 3593 Quae
188 3523 258 3586 tam
273 3518 419 3605 seposita
432 3525 492 3605 est,
502 3512 585 3606 quae
599 3541 680 3607 gens
690 3523 759 3584 tam
772 3518 923 3603 barbara,
934 3515 1064 3601 Caesar,
1118 3579 1120 3582 .

135 3607 184 3675 Ex
207 3632 273 3696 qua
296 3613 463 3696 spectator
484 3631 552 3676 uon
576 3612 621 3676 sit
643 3609 679 3674 in
701 3607 781 3674 urbe
805 3607 884 3672 tua?

104 3723 177 3769 uua
311 3765 313 3768 ,
362 3742 364 3746 ·
885 3715 899 3763 l
