2596 4032
326 248 330 259 ι
388 218 690 278 EPIGRAMMA'I'ON
707 217 775 276 LlB.
794 219 843 276 Xl.
1062 221 1128 289 269
1262 250 1265 254 ’

585 381 654 450 LIL
669 363 702 444 ,f

154 490 293 558 Cenabis
317 491 417 578 belle,
439 490 502 557 Iuli
526 488 678 574 Cerialis,
702 488 788 575 apud
811 511 878 575 me3

200 581 354 648 Condicio
379 585 429 646 est
453 579 569 646 melior
593 580 621 644 si
645 577 708 644 tibi
731 577 835 660 nulla,
858 577 942 645 veni.

156 669 314 738 Octavam
337 670 460 755 poteris
484 690 627 754 servare;
652 667 836 733 lavabimur
858 690 937 734 una:

201 758 287 845 Scis,
311 782 410 846 quam
433 761 499 824 sint
523 757 681 842 Stephani
704 756 822 822 balnea
845 757 956 823 iuncta
979 757 1070 823 mihi.

1 827 5 935 f
129 849 267 915 oPrima
290 849 351 916 tibi
375 849 506 914 dubitur
528 847 637 914 ventri
659 847 786 912 lactuca
809 847 968 914 movendo

199 936 315 1022 Utilis,
339 941 372 1003 et
394 939 501 1025 porris
525 937 583 1003 fila
605 938 730 1002 resecta
753 935 836 1021 suis,

156 1027 234 1093 Mox
259 1030 350 1092 vetus
375 1030 409 1092 et
431 1027 522 1092 tenui
546 1026 650 1091 maior
672 1024 808 1110 cordyla
830 1024 969 1110 lacerto,
1033 1071 1036 1080 .

190 1113 265 1181 -Sed
289 1136 388 1200 quam
410 1137 484 1182 oum
507 1118 599 1180 rutae
621 1113 792 1179 frondibus
817 1135 879 1178 ove
900 1117 1030 1200 tegant3

157 1206 272 1270 Altera
294 1226 361 1269 non
384 1205 519 1270 deerunt
541 1203 632 1268 tenui
655 1207 787 1268 versata
809 1201 943 1286 favilla,

4 1297 7 1361 Ξ
114 1311 147 1360 10
202 1293 248 1360 Et
271 1291 466 1359 Velabrensi
490 1314 600 1359 massa
622 1297 735 1358 coacta
755 1289 844 1376 foco,

156 1383 204 1449 Et
227 1405 308 1468 quae
331 1381 486 1448 Picenum
510 1383 682 1447 senserunt
703 1379 808 1466 frigus
832 1379 947 1445 olivae.
997 1387 999 1392 ’

201 1472 292 1538 Haec
316 1473 395 1538 satis
419 1471 454 1536 in
477 1475 585 1556 gustu.
622 1468 739 1536 Cetera
761 1490 859 1534 nosse
882 1468 997 1554 cupis?

158 1561 312 1639 Mentior,
336 1564 373 1626 ut
396 1561 519 1626 venias:
543 1559 662 1645 pisces,
685 1557 867 1643 conchylia,
891 1579 1005 1623 sumen

202 1650 248 1715 Et
271 1649 395 1716 chortis
420 1654 549 1714 saturas
573 1651 670 1734 atque
692 1647 821 1731 paludis
846 1668 937 1731 aves,

115 1756 148 1806 15
159 1739 250 1816 Quae
272 1761 332 1804 nec
357 1737 462 1810 Stella
485 1739 569 1802 solet
591 1758 666 1800 rara
687 1736 752 1800 nisi
775 1754 895 1821 ponere
918 1757 1006 1802 cena.

202 1827 282 1892 Plus
305 1849 367 1914 ego
391 1827 561 1910 polliceor:
583 1825 632 1889 nil
655 1825 799 1890 recitabo
823 1823 899 1909 tibi,

157 1915 233 2000 Ipse
256 1920 330 1982 tuos
353 1915 448 1982 nobis
472 1915 600 2000 relegas
624 1914 702 1979 licet
723 1935 827 1998 usque
851 1913 1027 2000 Gigantas,

203 2004 294 2070 Rura
316 2005 368 2071 vel
392 2008 524 2070 aeterno
548 2003 698 2088 proxima
720 2001 879 2088 Vergilio.

577 2143 664 2210 LIII.
700 2144 736 2220 ,l

160 2252 298 2321 Claudia
321 2251 478 2318 caeruleis
503 2272 576 2316 cum
601 2251 644 2316 sit
666 2250 788 2316 Rufina
810 2249 980 2316 Britannis

204 2341 318 2422 Edita,
342 2362 440 2426 quam
463 2339 578 2405 Latiae
602 2344 734 2424 pectora
759 2341 866 2428 gentis
889 2339 1003 2406 habeti

161 2431 265 2509 Quale
289 2430 385 2496 decus
408 2427 547 2494 formae!
583 2429 765 2496 Romanam
789 2429 917 2497 credere
941 2431 1064 2494 matres

190 2518 339 2586 italides
363 2523 512 2604 possunt,
536 2517 691 2583 Atthides
715 2540 786 2585 esse
808 2539 911 2584 suam.

1 2633 13 2692 ·,
134 2607 205 2676 aDi
226 2609 322 2693 bene,
347 2607 434 2693 quod
456 2610 568 2672 sancto
593 2609 720 2692 peperit
736 2607 881 2673 vfacunda
895 2606 1038 2692 marito,

206 2697 298 2774 Quod
322 2699 433 2782 sperat
456 2717 592 2782 generos
617 2697 766 2782 quodque
789 2697 899 2782 puella
920 2717 1033 2762 nurus.

161 2784 215 2852 Sic
237 2786 367 2871 placeat
391 2786 529 2870 superis,
552 2787 590 2848 ut
614 2785 751 2871 coniuge
775 2785 917 2872 gaudeat
940 2806 1005 2850 uno

204 2875 404 2960 Etsemper
426 2873 514 2939 natis
538 2873 681 2977 gaudeat
703 2873 762 2938 illa
783 2875 898 2942 tribus.

586 2949 709 3099 nul
846 3052 849 3056 -

160 3137 338 3226 Unguenta
361 3143 395 3206 et
418 3139 523 3207 casias
547 3141 580 3204 et
604 3133 748 3204 oleritem
770 3135 886 3204 funera
908 3139 1076 3224 myrrham

206 3229 357 3316 Turaque
382 3229 550 3295 demedio
575 3228 804 3294 semicremata
825 3248 906 3312 rogo

161 3319 207 3384 Et
230 3341 314 3405 quae
337 3319 376 3385 de
400 3317 515 3404 Stygio
539 3316 678 3402 rapuisti
701 3315 851 3380 cinnama
874 3315 973 3400 lecto,

153 3416 155 3420 ’
205 3407 360 3494 Inprobe,
384 3407 422 3474 de
446 3408 549 3494 turpi,
574 3405 677 3490 Zoilo,
700 3403 797 3469 redde
821 3404 903 3470 sinu.

134 3496 192 3564 aA
215 3497 352 3582 pedibus
376 3495 515 3562 didicere
539 3517 655 3562 manus
679 3513 811 3579 peccare
834 3495 1016 3577 protervae.

205 3584 282 3652 Non
305 3585 408 3656 miror
429 3586 548 3671 furem,
572 3582 810 3672 qui‘tugitivus
834 3602 917 3648 eras.
