2528 4038
345 259 646 318 urmltetlnnuou
664 259 731 317 ΜΒ.
750 259 798 316 lV.
1038 259 1081 328 97

79 441 106 489 15
116 423 286 491 Armorum
311 423 389 492 Salo
414 427 617 514 temperator
636 423 754 510 ambit,

115 513 324 602 Tutelamque
347 515 529 601 chorosque
553 514 781 600 Rixamarum,

115 601 158 668 Et
179 605 325 670 convivia
348 603 432 670 festa
455 603 673 688 Carduarum,

115 691 158 756 llt
180 694 275 758 textis
298 693 431 759 Peterin
453 695 537 760 rosis
561 693 748 776 rubentem,

115 780 220 867 Atque
242 782 377 868 antiqua
399 787 531 868 patrum
554 783 686 848 theatra
708 780 826 870 Rigas,

78 883 107 933 ro
116 867 160 933 Et
182 873 285 936 certos
309 871 417 937 iaculo
440 871 505 937 levi
530 870 655 957 Silaos,

115 957 334 1046 Turgontique
358 961 448 1028 lacus
471 960 701 1046 Perusiaeque,

115 1045 160 1112 Et
182 1069 300 1134 parrae
323 1049 406 1116 vada
429 1071 513 1134 pura
535 1049 762 1134 Trebonissaa,

115 1135 159 1200 ut
182 1142 327 1204 sanctum
351 1137 536 1204 Buradonis
558 1139 718 1224 ilicetum,

116 1222 176 1290 Per
197 1227 282 1312 quod
305 1227 358 1292 vel
382 1228 475 1314 piger
498 1227 646 1294 ambulat
668 1228 788 1313 viator,

78 1311 159 1378 rent
182 1337 262 1400 quae
285 1315 427 1382 fortibus
452 1316 572 1383 excolit
593 1316 739 1382 iuvencis

116 1401 237 1470 Curvae
260 1403 403 1470 Manlius
426 1427 505 1471 arra
528 1404 731 1472 Vativescae.

116 1489 201 1560 Haec
223 1497 293 1559 tam
316 1493 452 1578 rustica,
475 1493 614 1560 delicate
636 1493 754 1578 lector,
847 1547 851 1554 .

116 1579 210 1648 Rider
234 1582 392 1648 nomina?
414 1582 521 1648 rideas
545 1581 671 1667 licebit,

116 1667 201 1738 Haec
223 1675 294 1738 tam
317 1671 442 1738 rustica
464 1671 565 1755 malo,
589 1693 688 1756 quam
711 1669 887 1736 Butuntos.

349 1790 387 1874 f
466 1783 475 1801 ’
536 1829 621 1897 rvr.

116 1934 248 2004 Munera
271 1936 358 2024 quod
381 1937 511 2003 senibus
535 1935 705 2022 viduisque
727 1934 877 2022 ingentia
901 1933 1017 2016 mittis,

159 2025 219 2092 Vis
243 2032 277 2094 te
300 2026 505 2110 munificum,
529 2024 736 2110 Gargiliane,
758 2023 892 2090 uocem?
926 2042 929 2046 ·

118 2111 282 2181 Sordidius
306 2115 389 2180 nihil
413 2119 477 2200 est,
498 2114 583 2180 nibil
606 2117 657 2180 eat
679 2117 713 2178 te
737 2112 883 2198 spurcius
908 2132 986 2195 nno,

159 2203 221 2282 Qui
243 2207 339 2290 potes
362 2203 498 2270 insidias
521 2203 607 2268 dona
629 2223 745 2268 uocare
769 2204 858 2266 tuas:
942 2269 956 2298 ι

93 2288 169 2358 tSic
191 2293 296 2359 avidis
319 2291 421 2359 fallax
444 2291 593 2376 indulget
614 2290 758 2376 piscibus
780 2289 911 2370 hamus,

159 2379 288 2448 Callida
311 2382 356 2448 sic
380 2381 502 2448 stultas
526 2379 647 2464 decipit
670 2401 744 2444 esca
766 2377 863 2446 ferae.

118 2469 200 2548 Quid
223 2472 268 2536 rit
290 2470 419 2558 largiri,
443 2469 522 2557 quid
544 2469 588 2534 eit
611 2468 745 2552 donare,
769 2466 905 2551 docebo,

160 2559 196 2626 si
218 2560 340 2626 nescia:
364 2559 463 2644 dona,
487 2557 693 2646 Gargiliane,
715 2555 805 2622 mibi

526 2715 630 2782 LVII.

115 2823 200 2892 Dum
223 2847 285 2892 nos
307 2823 430 2891 blanda
451 2826 566 2889 tenent
588 2822 702 2888 lascivi
726 2823 844 2908 stagna
866 2822 1000 2890 Lucrini

158 2915 204 2981 Et
227 2936 311 3001 quae
333 2913 490 3000 pumiceis
513 2910 661 2978 fontibus
685 2914 781 2977 antra
804 2913 927 3000 calent,

115 3003 164 3070 Tu
187 3003 268 3070 colis
293 3002 396 3090 Argei
418 3023 571 3088 regnum,
593 3000 763 3086 Faustino,
786 3000 906 3084 coloni,

159 3091 230 3170 Quo
253 3095 287 3157 te
309 3093 360 3157 bis
385 3091 528 3157 decimus
553 3089 643 3156 ducit
664 3089 705 3154 ab
729 3087 808 3154 urbe
832 3088 926 3175 lapis.
1066 3084 1068 3088 ’

91 3180 258 3248 tHorrida
281 3180 338 3248 scd
352 3180 490 3248 ”ferunt
513 3177 669 3245 Nemeaei
692 3180 826 3263 pectora
849 3178 1002 3263 monstri,

159 3269 228 3338 Nec
252 3271 334 3336 satis
358 3275 421 3355 est,
446 3269 545 3335 Baias
568 3269 644 3355 igne
668 3266 773 3332 calere
796 3287 864 3331 suo.

115 3359 204 3445 Ergo
229 3359 314 3426 sacri
336 3358 445 3425 fontes
469 3363 503 3424 ct
526 3357 625 3424 litora
648 3359 744 3444 gruta
767 3355 887 3438 valeta,
995 3355 998 3362 '

158 3447 390 3534 Nympharum
413 3447 538 3534 pariter
560 3445 801 3530 Nereidumque
825 3441 949 3510 domus.

114 3537 292 3604 Herculeos
316 3537 418 3602 colles
442 3535 551 3623 gelida
573 3559 632 3603 vos
655 3533 775 3600 vincite
797 3531 927 3618 bruma,

18 3629 20 3638 ’
78 3641 107 3694 10
156 3625 254 3692 Nunc
277 3623 461 3692 Tiburtinis
485 3624 590 3692 cedite
613 3622 801 3711 frigoribus.

120 3741 204 3783 mr.
910 3727 926 3779 ⁸1
