2596 4032
382 211 681 272 EPIGRAMMA'I'ON
698 215 766 272 LlB.
786 216 858 274 xm.
1066 217 1129 284 307

123 373 327 440 aominibus
352 375 450 440 laetis
473 381 600 442 vestras
623 375 805 443 Instantius
830 399 905 443 oras

199 463 319 548 Intret,
343 468 377 530 et
399 465 453 531 hie
476 467 608 550 populis
631 471 669 532 ut
692 467 782 552 prior
805 487 910 532 annus
933 469 994 531 aaa

153 552 231 619 Non
253 553 399 640 ignorat,
423 575 505 620 onus
530 556 617 640 quod
641 555 685 620 sit
708 554 878 622 succedere
901 554 1026 622 Macro:

198 641 262 719 Qui
285 664 345 710 sua
368 644 503 709 metitur
525 643 683 732 pondera,
707 645 793 712 ferre
816 648 935 730 poiesa

382 1074 428 1149 Μ
458 1074 564 1150 VAL.
592 1071 858 1148 MARTIALIS

288 1247 948 1349 EPIGRAMMATON
1063 1317 1065 1322 -

492 1441 627 1508 maan
649 1440 741 1510 xm.
1073 1438 1077 1444 ’

542 1619 692 1686 Xenis.
731 1662 737 1676 ·

603 1795 629 1862 1.

150 1902 203 1970 Ne
225 1905 307 1990 toga
329 1901 469 1987 cordylis
493 1905 527 1966 ei
549 1903 690 1986 paenula
713 1903 799 1968 desit
821 1903 917 1970 olivis
962 1965 964 1969 .

175 1991 265 2056 'Aut
288 1991 421 2074 inopem
445 1994 571 2056 metuat
595 1991 726 2057 sordida
748 1993 856 2058 blatta
877 1992 1012 2078 famem,

149 2079 281 2146 Perdite
304 2077 465 2165 Niliacas,
488 2078 615 2166 Musae,
639 2102 712 2146 mea
736 2079 867 2167 damna,
890 2105 1047 2167 papyros:

174 2169 362 2253 'Possulaia
386 2190 471 2252 ecee,
494 2191 596 2234 novos
621 2169 711 2234 ebria
733 2169 851 2235 bruma
874 2171 969 2236 sales.

120 2257 228 2325 5N0n
251 2279 324 2322 mea
347 2258 560 2344 magnanimo
584 2257 753 2344 depugnat
775 2263 899 2324 tessera
921 2261 1000 2344 islo,

197 2345 291 2412 Senio
314 2367 375 2412 nee
397 2349 549 2412 nostrum
573 2369 646 2412 aum
669 2368 748 2412 cane
773 2351 908 2432 quassat
930 2348 1022 2413 ebur:

101 2467 104 2470 ·
150 2435 241 2501 Haec
254 2433 337 2500 mihi
349 2434 465 2501 'charta
477 2457 585 2521 nucea,
599 2435 680 2514 haec
695 2439 745 2500 esi
760 2435 841 2500 mihi
851 2435 964 2501 charta
973 2436 1122 2503 fritillas:

177 2524 278 2590 ⁴Alea
300 2545 360 2590 nea
381 2523 539 2600 ,damnum
562 2546 622 2590 nea
644 2523 725 2590 facit
747 2523 813 2590 ista
836 2523 971 2591 lucrum.

594 2663 638 2730 Π.

150 2772 297 2840 Nasutus
321 2771 366 2836 sis
390 2791 492 2856 usque
515 2771 606 2854 licet,
630 2770 675 2835 sis
699 2769 835 2856 denique
858 2792 971 2858 nasus,

195 2861 362 2938 Quantum
385 2860 535 2926 noluerat
557 2859 642 2925 ferre
666 2863 801 2944 rogatus
824 2858 957 2946 Atlans,

148 2949 194 3015 at
217 2949 325 3034 possis
348 2949 457 3034 ipsum
481 2952 517 3013 tu
541 2947 685 3015 deridere
708 2946 877 3014 Latinum:

194 3038 269 3104 Non
291 3042 386 3125 potes
408 3039 444 3102 in
466 3058 572 3124 nugas
596 3036 702 3102 dicere
725 3038 821 3121 plura
843 3060 947 3123 meas,

121 3126 223 3212 alpse
246 3148 307 3213 ego
331 3147 431 3211 quam
454 3126 529 3191 dixi.
565 3125 650 3203 Quid
674 3124 804 3191 dentem
827 3126 922 3192 dente
945 3127 1071 3194 iuvabit

193 3215 342 3282 Rodere?
366 3235 463 3281 carne
486 3237 568 3300 opus
592 3219 653 3298 est,
677 3213 706 3277 si
729 3219 820 3280 satur
843 3237 913 3282 esse
936 3217 1026 3282 velis.

147 3303 198 3370 Ne
221 3304 338 3389 perdas
363 3326 509 3390 operam:
534 3303 590 3389 qui
613 3325 648 3368 se
672 3303 844 3389 mirantur,
867 3305 902 3369 in
924 3305 1001 3371 illos

192 3393 293 3459 Virus
316 3393 415 3479 habe,
439 3415 499 3458 nos
522 3393 603 3459 haee
625 3392 777 3458 novimus
801 3414 872 3458 esse
894 3393 987 3459 nihil.

146 3481 225 3549 Non
247 3485 359 3548 tannen
377 3483 439 3548 hoe
456 3481 595 3547 nimium
613 3481 697 3548 nihil
717 3485 780 3563 est,
804 3481 833 3546 si
851 3481 1006 3548 candidus
1030 3505 1119 3564 aare,

102 3590 136 3639 10
192 3569 262 3638 Nea
286 3573 449 3637 matutina
473 3571 501 3636 si
525 3571 605 3637 mihi
628 3570 738 3636 fronte
761 3569 862 3636 venis.

905 3673 960 3728 20*
1035 3673 1040 3686 ¹
