2596 4034
414 629 462 704 Μ.
490 626 599 702 VAL.
627 627 889 702 MARTIALIS

288 974 290 978 Ι
347 819 952 946 EPIGRAMMATON

455 1027 457 1043 ¹
551 987 684 1100 ciana
706 1031 746 1099 x,

637 1208 663 1276 I·
752 1229 754 1232 .

96 1331 97 1334 ’
188 1311 223 1382 Si
244 1316 364 1382 nimius
387 1316 499 1384 uideor
522 1337 657 1406 seraque
678 1315 831 1382 'coronide
854 1315 973 1404 longus

232 1404 315 1470 Esse
337 1401 435 1490 liber,
457 1405 560 1490 legito
584 1425 700 1490 pauca:
723 1403 854 1470 libellus
879 1426 942 1470 ero.

144 1509 145 1512 ’
187 1491 314 1579 Terque
338 1497 516 1580 quaterque
539 1492 621 1558 mihi
643 1492 756 1558 finitur
778 1493 919 1558 carmine
943 1514 1043 1578 parvo
1180 1514 1184 1523 ·

231 1580 371 1669 Pagina:
394 1582 447 1682 fac
469 1581 532 1648 tibi
554 1603 606 1646 me
629 1603 726 1668 quam
749 1582 841 1667 cupis
865 1601 934 1648 esse
958 1581 1096 1648 brevem.

628 1739 671 1806 ΙΙ.

175 1842 357 1912 ‘Festinata
378 1840 482 1932 prior,
505 1846 621 1912 decimi
643 1845 726 1910 mihi
748 1867 825 1912 cura
847 1846 953 1912 libelli

232 1935 393 2022 Elapsum
416 1935 566 2000 manibus
588 1956 674 2000 nuuc
696 1935 862 2000 revocavit
885 1957 977 2021 opus.

186 2023 278 2092 Nota
299 2025 390 2110 leges
414 2022 585 2109 quaedam,
608 2023 665 2088 sed
687 2023 767 2088 lima
788 2045 864 2089 rasa
887 2024 1021 2108 recenti3
1107 2040 1119 2090 t

232 2111 315 2179 Pars
337 2134 422 2178 nova
444 2113 549 2178 maior
572 2112 647 2178 erit:
671 2111 787 2197 lector,
810 2113 940 2198 utrique
963 2113 1050 2197 lave,
1275 2165 1280 2186 .

161 2200 319 2286 cLector,
333 2223 411 2285 opes
430 2204 574 2266 nostrae:
589 2221 685 2286 quem
699 2223 772 2266 cum
787 2201 868 2266 mihi
882 2201 989 2268 Roma
1002 2201 1159 2289 dedisset,
1266 2178 1269 2280 l

231 2289 308 2374 „Nil
330 2290 392 2355 tibi
416 2288 502 2373 quod
524 2289 636 2355 demus
659 2289 764 2355 maius
788 2289 966 2356 habemus“
989 2292 1044 2356 ait.
1104 2331 1105 2334 =
1266 2287 1268 2300 '

187 2377 307 2466 „Pigra
328 2399 387 2462 per
409 2377 495 2442 hunc
517 2377 623 2462 fugies
646 2378 794 2463 ingratae
816 2379 952 2445 flumina
975 2379 1095 2446 Lethes

201 2509 205 2520 v
232 2467 278 2532 Et
301 2467 435 2532 meliore
459 2465 508 2530 tui
530 2470 623 2552 parte
647 2471 811 2552 superstes
835 2467 907 2533 eris.

187 2554 352 2621 Marmora
374 2554 534 2620 Messalae
556 2555 651 2619 findit
673 2555 857 2639 caprificus,
881 2561 913 2622 et
936 2558 1041 2623 audax

145 2659 178 2711 10
233 2644 394 2710 Dimidios
418 2641 525 2726 Crispi
549 2644 650 2708 mulio
673 2644 758 2709 ridet
780 2666 894 2730 equos:
918 2721 919 2724 Ἴ

126 2768 127 2771 ¹
187 2733 234 2798 At
257 2733 379 2800 chartis
401 2753 461 2797 nec
483 2731 553 2796 fata
575 2737 693 2798 nocent
716 2737 749 2798 et
773 2734 902 2800 saccula
925 2738 1076 2820 prosunt,
1106 2781 1108 2786 -

125 2859 128 2862 ·
234 2819 373 2907 Solaque
395 2841 463 2886 non
483 2825 606 2886 norunt
627 2820 708 2890 haec
731 2827 943 2889 monumenta
965 2824 1076 2898 mori.“

187 3085 446 3152 Vernaculorum
470 3085 568 3170 dicta,
592 3086 758 3152 sordidum
782 3087 925 3175 dentem,

186 3175 232 3242 nu
254 3175 349 3254 foeda
373 3175 503 3260 linguae
527 3175 648 3259 probra
670 3177 894 3261 circulatricis,

188 3263 279 3341 Quae
303 3260 495 3347 sulphurato
519 3265 603 3328 nolit
626 3269 735 3350 empta
757 3272 906 3333 ramento

185 3351 393 3418 Vatiniorum
417 3357 593 3436 proxeneta
616 3352 809 3438 fractorum,

161 3439 291 3505 oPoeta
314 3440 446 3524 quidam
470 3441 684 3506 clancularius
707 3444 837 3528 spargit

187 3527 234 3592 Et
255 3528 327 3593 vult
349 3528 451 3591 videri
473 3534 595 3595 nostra.
632 3530 744 3596 Credis
768 3532 843 3618 hoc,
867 3531 999 3599 Prisce?

1078 1819 1082 1824 .
1145 1823 1152 1859 Ι
1276 1789 1282 1820 3
