2568 4040
375 233 491 288 INDEX
510 233 813 293 EPIGRAIIMATOE
1040 235 1105 303 353

83 393 195 464 Ecquid
213 392 405 466 Hyperboreis
425 393 462 448 ad
479 411 532 450 nos
551 410 702 450 conversus
723 395 759 450 ab
780 393 859 452 oris.
887 439 895 454 .
924 439 931 453 .
999 397 1059 465 VII,
1079 405 1103 454 1.

84 465 146 520 Ede
165 467 229 521 tuos
248 465 366 522 tandem
384 464 500 536 populo,
519 463 663 534 Faustina,
682 465 822 525 libellos.
851 511 858 525 .
888 510 894 524 .
922 509 929 524 .
1021 467 1042 536 Ι,
1061 475 1103 524 25.

83 536 177 592 Edere
196 537 317 592 lascivos
337 535 373 592 ad
392 535 511 591 Baetica
527 539 671 593 crusmata
688 541 786 608 gestus
817 581 823 595 .
852 581 858 595 .
888 581 894 595 .
923 581 930 596 .
993 538 1041 606 VI,
1062 546 1103 596 71.

84 609 219 662 Edictum
233 607 346 664 domini
365 607 467 676 deique
486 607 578 664 nostri
602 651 930 668 ..........
1024 610 1058 678 V,
1078 615 1103 666 8.

84 680 173 734 Edita
191 697 226 735 ne
245 679 379 734 brevibus
398 682 497 750 pereat
515 679 587 733 mihi
605 695 673 734 cura
690 679 822 737 libellis.
851 723 858 738 .
887 724 894 738 .
920 703 934 759 ’,
1020 681 1104 749 Lat.

84 751 188 805 Editur
207 767 243 806 en
262 753 357 806 sextus
377 749 438 806 sine
457 753 485 805 te
504 749 583 818 mibi,
603 750 675 806 Rufe
694 750 811 806 Camoni
850 795 858 810 .
886 795 893 808 .
922 769 932 808 .·
992 752 1040 820 Vl,
1060 760 1103 809 85.

85 821 176 876 Effert
194 839 295 878 uxores
313 821 428 889 Fabius,
447 819 601 876 Chrestilla
617 821 754 881 maritos.
783 867 789 880 .
818 867 825 880 .
853 866 860 880 .
889 866 896 880 .
925 866 932 879 .
966 821 1040 892 VIII,
1060 830 1102 879 43.

84 893 219 963 Effigiem
237 895 350 948 tantum
368 891 449 963 pueri
467 891 587 963 pictura·
599 891 716 948 Camoni
743 937 750 952 .
779 938 786 950 .
814 937 821 950 .
851 937 857 951 .
886 937 893 952 .
922 937 929 951 .
994 895 1041 963 IX,
1061 902 1103 951 74.

83 964 217 1034 Effugere
235 965 266 1020 in
285 963 403 1020 thermis
423 967 453 1019 et
470 963 546 1018 circa
563 963 669 1019 balnea
686 981 742 1019 non
761 966 824 1022 est.
853 1007 860 1022 .
888 1007 895 1022 .
924 1008 930 1022 .
978 965 1040 1032 XII,
1060 972 1103 1022 81.

82 1036 217 1107 Effugere
235 1053 293 1092 non
312 1038 364 1104 est,
383 1034 492 1103 Elaeae,
512 1033 671 1090 basiatores
708 1079 930 1093 .......
994 1037 1041 1105 XI,
1060 1045 1103 1094 98.

82 1108 149 1177 Egi,
170 1106 262 1174 Sexte,
281 1109 369 1175 tuam,
388 1109 490 1177 pactus
509 1105 564 1161 duo
583 1105 672 1174 milia,
691 1123 822 1163 causam.
852 1150 858 1164 .
888 1150 894 1164 .
924 1150 930 1164 .
967 1107 1103 1176 V1n,rr.

83 1179 181 1248 Egisti
199 1179 290 1234 vitam
308 1195 427 1248 semper,
446 1176 525 1246 Line,
543 1176 745 1247 municipalem
781 1221 788 1235 .
816 1220 823 1235 .
853 1221 859 1235 .
887 1221 894 1235 .
923 1221 929 1234 .
993 1178 1041 1248 IV,
1061 1186 1103 1234 66.

83 1250 180 1305 Elidit
198 1249 325 1319 geminos
344 1248 439 1304 inians
457 1265 509 1302 neo
527 1247 646 1318 respicit
664 1263 789 1318 angues.
818 1291 824 1306 .
853 1291 859 1306 .
887 1291 894 1306 .
924 1291 930 1305 .
955 1247 1028 1318 XIV,
1044 1256 1103 1306 1⁷7.

83 1320 183 1390 Elysio
203 1321 303 1376 redeat
320 1319 345 1376 si
363 1319 437 1376 forte
456 1318 589 1374 remissus
609 1317 646 1373 ab
665 1335 752 1390 agro.
779 1363 787 1378 .
815 1363 822 1376 .
851 1363 858 1378 .
887 1361 895 1378 .
923 1363 929 1377 .
989 1319 1103 1382 X,101.

83 1393 149 1448 Emi
169 1408 219 1446 seu
237 1409 356 1463 puerum
374 1393 507 1461 togamve
525 1407 628 1460 pexam
638 1432 930 1449 .........
1007 1390 1041 1456 Il,
1060 1399 1104 1446 44.

82 1463 165 1519 Emit
183 1463 310 1518 lacernas
329 1461 446 1517 milibus
464 1462 562 1516 decem
580 1461 686 1516 Bassus
709 1503 929 1519 .......
969 1461 1041 1528 Vlll,
1062 1469 1103 1518 10.

81 1535 308 1604 Emptadomus
328 1532 503 1600 1001011111,
523 1530 849 1614 Γ1011111010,(1110011110
890 1575 896 1589 .
924 1575 931 1590 .
993 1533 1041 1600 Ill,
1060 1540 1103 1590 02.

81 1607 246 1662 Encaustus
264 1604 414 1660 Phaethon
432 1604 532 1658 tabula
549 1602 605 1657 tibi
623 1603 717 1673 pictus
736 1602 768 1657 in
783 1602 838 1658 hac
855 1605 901 1658 est
923 1646 930 1659 .
993 1603 1042 1670 IV,
1060 1613 1104 1662 47.

82 1677 272 1748 Epigramma
289 1677 417 1732 nostrum
435 1692 500 1729 cum
518 1673 639 1728 Fabulla
657 1671 789 1744 legisset.
817 1718 824 1730 .
853 1717 860 1732 .
890 1717 896 1731 .
924 1717 932 1731 .
993 1673 1041 1742 IV,
1060 1681 1103 1730 81.

82 1750 171 1804 Erras
192 1765 317 1803 meorum
336 1746 382 1801 fur
401 1762 485 1800 avare
504 1744 641 1800 librorum
673 1787 930 1804 ........
1019 1745 1040 1814 Ι,
1060 1754 1103 1803 tt.

81 1819 222 1888 Esquiliis
241 1818 341 1873 domus
361 1819 413 1884 est,
433 1816 532 1872 demus
551 1814 669 1870 esttibi
687 1815 760 1871 colle
778 1814 887 1871 Dianae
923 1859 929 1872 .
980 1815 1041 1883 Vll,
1060 1823 1103 1872 73.

81 1893 155 1946 Esse
174 1905 262 1960 negas
282 1891 393 1944 coctum
412 1888 537 1958 leporem
554 1885 705 1957 poscisque
723 1885 859 1955 flagella.
888 1931 895 1946 .
925 1930 931 1942 .
995 1885 1040 1954 Ill,
1060 1894 1103 1943 94.

81 1937 156 2017 13001
175 1960 250 2014 nihil
268 1957 500 2029 dicisquidquid
517 1958 602 2028 petis,
621 1957 749 2028 improbe
768 1955 858 2012 Cinna
888 1999 894 2014 .
922 1997 929 2014 .
992 1957 1041 2017 111.
1060 1965 1102 2013 tl.

81 2036 155 2088 Esse
174 2034 246 2102 puta
264 2047 354 2096 ceras,
372 2029 443 2084 licet
460 2029 531 2084 haec
548 2029 715 2084 membrana
731 2033 860 2085 vocetur.
889 2069 895 2083 .
925 2071 931 2084 .
986 2027 1059 2097 XIV,
1079 2037 1103 2085 7.

80 2105 155 2158 Esse
174 2105 259 2172 putes
277 2101 403 2158 nondum
423 2117 534 2156 sumens
554 2099 595 2154 sic
613 2102 699 2156 ubere
717 2098 824 2169 largo.
853 2142 860 2156 .
888 2142 895 2156 .
924 2141 930 2156 .
968 2099 1041 2168 XIII,
1060 2106 1102 2156 44.

80 2176 156 2229 Esse
176 2173 313 2242 quidhoc
327 2172 430 2241 dicam,
444 2171 521 2241 quod
540 2171 620 2227 010111
632 2173 684 2225 tua
696 2169 779 2226 basia
793 2167 934 2239 myrrham
1007 2168 1040 2237 ll,
1062 2177 1103 2226 12.

79 2247 155 2301 Esse
175 2243 316 2312 quidhoc
334 2243 438 2312 dicam,
456 2241 529 2297 vivis
548 2241 859 2312 quodfamanegatur
888 2285 894 2298 .
923 2285 929 2298 .
1007 2241 1040 2308 V,
1063 2249 1103 2297 10.

79 2319 156 2373 Esse
175 2315 231 2368 tibi
249 2315 347 2370 videor
365 2331 467 2370 saevus
485 2313 661 2382 nimiumque
680 2312 823 2383 gulosus.
851 2355 858 2369 .
887 2356 894 2369 .
923 2355 930 2368 .
967 2311 1040 2378 VIII,
1060 2319 1102 2368 23.

80 2390 155 2443 Esse
175 2386 255 2441 vides
275 2385 397 2456 lignum3
416 2401 512 2440 servas
531 2383 589 2438 nisi
606 2382 723 2453 lumina,
741 2383 792 2438 fiet
816 2427 823 2440 .
852 2426 858 2440 .
888 2426 895 2438 .
924 2426 930 2438 .
967 2382 1039 2448 XIV,
1060 2389 1103 2438 44.

80 2461 178 2528 Esset,
198 2455 331 2525 Castrice,
350 2473 414 2511 cnm
431 2455 501 2511 mali
520 2455 623 2511 coloris
638 2495 930 2512 .........
998 2453 1059 2520 VII,
1078 2460 1103 2509 4.

80 2531 137 2586 Est
155 2528 227 2584 mihi
246 2527 352 2598 (sitque
370 2543 470 2598 precor
487 2527 605 2597 longum
622 2529 652 2581 10
669 2525 809 2596 praeside,
824 2523 937 2594 Caesar)
993 2523 1041 2593 IX,
1063 2529 1102 2579 18.

80 2603 138 2656 Est
156 2599 212 2654 tibi
232 2599 336 2668 (sitque
353 2615 453 2668 precor
466 2599 571 2653 multos
587 2601 751 2666 crescatque
765 2613 816 2666 per
829 2599 926 2666 annos)
1003 2595 1024 2660 I,
1045 2600 1103 2651 108.

80 2673 120 2727 Et
141 2671 253 2726 delator
271 2687 301 2726 es
321 2672 351 2724 et
369 2668 559 2724 calumniator
568 2709 931 2726 ...........
994 2665 1041 2733 XI,
1060 2672 1103 2722 11.

81 2746 122 2800 Et
142 2742 221 2798 dolet
240 2744 269 2796 et
288 2741 424 2810 queritur,
444 2739 500 2796 sibi
518 2757 574 2796 non
593 2740 757 2809 contingere
775 2734 896 2808 frigus.
926 2781 931 2794 .
994 2737 1041 2805 Vl,
1061 2743 1103 2793 bt.
1144 2800 1146 2804 ,

83 2813 121 2870 Et
141 2813 227 2868 iudex
246 2811 323 2883 petit
337 2814 370 2866 'et
386 2810 463 2882 petit
480 2813 616 2881 patronus
638 2851 930 2867 .........
1007 2808 1041 2876 Il,
1062 2815 1103 2863 1³.

84 2887 123 2942 Et
141 2885 216 2940 latet
234 2887 264 2939 et
282 2883 359 2939 lucet
376 2881 587 2938 Phaethontide
605 2880 722 2936 condita
739 2882 824 2950 gutta
851 2925 857 2937 .
886 2924 893 2937 .
922 2922 929 2938 .
993 2878 1041 2947 IV,
1060 2885 1126 2934 82..

83 2959 122 3012 Et
139 2957 223 3012 vultu
240 2958 371 3026 potemm
389 2956 439 3008 tuo
459 2968 554 3008 carere
567 2993 930 3009 ...........
993 2949 1042 3016 III,
1061 2956 1103 3005 63.

84 3028 198 3084 Etrusci
217 3027 274 3081 nisi
292 3023 442 3080 thermulis
461 3022 566 3078 lavaris
601 3065 929 3081 ..........
993 3021 1041 3084 Vl,
1060 3026 1103 3076 41.

84 3098 257 3168 Eutrapelus
276 3099 375 3152 tonsor
393 3095 460 3150 duni
480 3094 580 3149 circuit
597 3110 648 3149 ora
665 3093 784 3164 Luperci
817 3138 823 3152 .
852 3139 859 3152 .
888 3137 895 3152 .
923 3137 930 3152 .
980 3091 1041 3161 VH,
1060 3098 1102 3148 83.

83 3169 238 3240 Excipient
257 3184 341 3238 apros
360 3165 606 3235 expectabuntque
625 3164 721 3220 leones
746 3209 752 3223 .
781 3211 788 3224 .
889 3210 895 3222 .
925 3209 931 3222 .
968 3163 1041 3231 XIV,
1060 3169 1102 3219 30.

84 3243 184 3312 Exigis
204 3257 221 3294 a
239 3238 322 3294 nobis
342 3253 457 3308 operam
475 3235 536 3290 sin'e
555 3237 608 3290 tine
627 3238 757 3306 togatam
781 3280 788 3293 .
816 3279 823 3294 .
853 3282 859 3293 ,
888 3280 894 3293 .
923 3278 930 3289 .
993 3234 1040 3301 III,
1060 3241 1103 3289 lt.

85 3313 194 3384 Exigis,
213 3314 247 3366 ut
265 3309 367 3365 donem
385 3312 498 3363 nostros
518 3307 580 3376 tibi,
600 3306 711 3375 Quinte,
730 3307 857 3364 libellos.
887 3349 893 3363 .
921 3350 927 3362 .
993 3305 1040 3372 IV,
1060 3311 1102 3360 72.

84 3385 183 3456 Exigis
212 3377 856 3446 011101110011010101111,Τ11000,111101100.
885 3419 892 3434 .
922 3419 928 3431 .
978 3375 1040 3442 Vll,
1060 3382 1102 3431 II.

84 3427 250 3527 Expirantis
270 3453 363 3508 adhuc
382 3450 505 3506 scombri
524 3450 559 3504 de
578 3448 716 3519 sanguine
733 3449 826 3573 grimo
850 3491 857 3506 .
885 3491 892 3504 .
921 3490 928 3504 .
951 3445 1024 3514 XIII,
1043 3453 1102 3502 102.

84 3527 259 3598 ExplicItum
276 3523 358 3580 nobis
376 3539 466 3592 usque
485 3521 522 3576 ad
541 3537 593 3576 sna
611 3535 715 3575 cornua
745 3520 854 3574 ibrum.
884 3562 890 3575 .
920 3561 925 3574 .
974 3517 1101 3582 x1,1os.

85 3596 294 3668 Extemporalis
312 3595 406 3650 iactus
425 3595 470 3649 est
487 3609 566 3648 meus
584 3592 682 3647 rhetor
708 3635 715 3649 .
745 3635 751 3649 .
780 3635 786 3648 .
816 3634 822 3647 .
851 3633 858 3648 .
887 3633 893 3647 .
922 3633 929 3646 .
1006 3588 1040 3657 V,
1059 3594 1103 3643 54.
1143 3622 1146 3627 -

137 3715 222 3758 Mna.
907 3701 942 3752 28
