2610 4048
399 187 854 248 nnonnnnaroumnn
1101 197 1145 262 55

569 351 701 422 LXVII.
736 355 741 366 '

167 457 320 524 Occurris
344 479 535 546 quocunque
559 460 632 528 loco
655 461 762 546 mihi,
773 459 942 542 Postume,
965 461 1087 530 clamas

212 547 367 614 Protinus
391 553 425 614 ct
447 551 552 634 prima
576 553 626 616 est
648 549 728 616 haec
750 555 808 616 tua
826 574 889 618 vox
908 549 1011 637 „Quid
1030 551 1143 640 agis?“

166 635 255 720 Hoc,
279 637 308 702 si
330 657 383 702 me
407 636 512 704 decies
535 661 602 704 una
625 639 814 706 conveneris
837 638 932 722 hora,

129 752 131 755 ’
213 725 319 791 Dicis:
341 725 444 791 habes
469 730 549 812 puto
572 731 625 808 tu,
647 727 816 809 Postume,
839 729 887 796 nil
910 730 997 816 quod
1019 731 1107 818 agas.¹
1168 731 1169 736 ’

560 867 710 937 LXVIII.

166 973 263 1052 Quod
286 977 319 1041 te
342 973 473 1041 nomine
496 975 563 1042 iam
586 980 644 1044 tuo
669 977 789 1060 saluto,

166 1063 273 1139 Quem
296 1085 409 1150 regem
432 1069 466 1130 et
489 1065 656 1132 dominum
678 1067 768 1152 prius
792 1068 964 1152 vocabam,

165 1150 219 1217 Ne
244 1173 296 1217 me
319 1152 439 1218 dixeris
464 1173 534 1218 esse
557 1159 795 1222 contumacem:

165 1239 262 1306 Totis
285 1240 388 1327 pillea
411 1242 548 1308 sarcinis
572 1243 703 1310 redemi.

136 1329 277 1418 aches
301 1334 335 1395 et
357 1329 507 1396 dominos
530 1329 652 1398 habere
675 1331 786 1416 debet,

164 1417 232 1494 Qui
256 1441 290 1484 se
312 1439 380 1484 non
402 1419 505 1486 habet
527 1425 624 1505 atque
648 1421 847 1506 concupiscit

164 1507 262 1584 Quod
286 1527 380 1592 reges
404 1507 591 1593 dominique
615 1509 857 1595 concupiscunt.

165 1594 306 1662 Servum
331 1595 359 1660 si
381 1599 489 1682 potes,
513 1595 587 1681 Ole,
609 1618 677 1663 non
692 1597 834 1683 habere,

162 1683 213 1750 Et
235 1705 347 1771 regem
369 1687 480 1769 potes,
503 1683 576 1770 Ole,
598 1707 665 1752 non
687 1685 817 1752 habere.

460 1823 474 1827 ”
576 1843 692 1912 mun
827 1837 828 1840 ‘

165 1951 314 2017 Invitum
338 1973 453 2021 cenare
475 1951 557 2018 foris
572 1945 635 2037 te,
650 1949 811 2032 Classica,
829 1949 942 2018 dicier

215 2039 251 2106 si
273 2062 341 2107 non
363 2041 527 2124 mentiris,
551 2039 707 2123 Classica,
731 2041 922 2124 dispeream.

166 2128 245 2214 Ipse
269 2150 398 2215 quoquc
422 2131 464 2195 ad
486 2151 599 2196 cenum
623 2129 786 2215 gaudebat
808 2129 942 2212 Apicius
965 2129 1026 2195 ire:
1110 2123 1114 2158 ³
1243 2132 1246 2136 ’

215 2213 298 2283 Cum
322 2223 468 2302 cenaret,
491 2223 562 2284 crat
584 2217 710 2284 tristior
732 2218 802 2302 ille,
826 2217 922 2284 domi.
958 2275 959 2278 ,

134 2304 204 2372 osi
227 2311 338 2372 tamen
360 2308 485 2374 invitus
508 2307 613 2390 vadis,
637 2328 706 2390 cur,
730 2304 886 2386 Classiee,
909 2305 1024 2372 vadis?

210 2393 359 2481 ,‚Cogor“
381 2397 445 2462 ais:
469 2417 582 2462 verum
604 2400 667 2478 est3
691 2396 875 2480 cogitaret
899 2393 1015 2461 Selius.

166 2484 220 2549 En
243 2487 341 2570 rogat
363 2485 404 2551 ad
428 2505 542 2552 cenam
565 2483 680 2548 Melior
702 2486 750 2565 te,
773 2481 930 2568 Classica,
953 2487 1085 2550 rectam

213 2571 359 2639 Grandia
381 2573 482 2639 verba
505 2573 562 2639 ubi
585 2571 682 2638 sunt?
707 2571 735 2636 si
758 2571 809 2635 vir
830 2593 885 2658 es,
902 2593 988 2658 ecce,
1010 2579 1106 2660 nega.

150 2815 244 2906 'Non
266 2839 316 2906 ris
339 2839 374 2909 in
397 2839 480 2905 solio
503 2839 594 2924 prius
618 2837 724 2904 lavari

166 2929 383 3015 Quemquam,
406 2926 524 2994 Ootile:
548 2925 765 3012 consequae,
787 2926 851 2992 nisi
872 2928 954 2995 haec
976 2931 1041 3014 est,
1131 2934 1136 2940 '

164 3015 272 3084 Undis
295 3039 336 3082 ne
358 3016 502 3083 fovearis
525 3015 717 3082 irrunratis‘?

157 3105 298 3171 Primus
321 3111 355 3172 te
378 3105 457 3172 licet·
479 3106 607 3172 abluas:
625 3125 756 3171 necesse
779 3107 831 3170 est
861 3079 863 3085 ,

163 3194 254 3278 Ante
277 3193 331 3262 hic
353 3195 513 3281 mentula,
537 3217 635 3281 quam
659 3197 769 3278 eaput,
792 3193 879 3258 lavet
918 3241 928 3260 .

474 3377 476 3384 ’
573 3353 688 3422 LXXI.

163 3460 343 3530 Candidius
365 3461 449 3528 nihil
472 3465 523 3528 est
545 3466 592 3542 te,
616 3460 808 3528 Caeciliana
844 3457 979 3526 Notavi:
1118 3538 1120 3542 ‚

209 3550 246 3618 si
270 3551 399 3638 quando
423 3573 463 3618 ex
485 3551 609 3623 nostris
629 3549 774 3617 disticha
798 3569 902 3634 pauca
926 3548 1014 3635 lego,
