2610 4048
165 175 234 236 VIII
570 177 790 240 PRAEFATIO.

175 351 204 410 3.
228 347 361 410 aliorum
383 348 573 410 coniecturas
596 352 718 410 tantum
741 367 806 428 aas,
835 367 914 428 quac
936 350 1013 412 mihi
1036 369 1101 414 ossa
1128 373 1203 432 pro·
1299 366 1303 434 ζ

175 435 293 498 babilas
316 437 513 516 videbantur,
543 440 573 498 4.
597 455 716 500 omncs
739 439 836 518 locos,
860 457 936 518 quos
960 443 1016 501 aui
1039 444 1203 520 conupbos

174 532 230 590 aut
247 528 384 590 nondum
401 527 569 607 explicatos
584 545 649 589 csse
669 527 818 607 existimo,
837 531 866 589 5.
880 528 1029 591 librorum
1043 529 1202 610 lectiones,

103 657 106 662 -
170 615 227 680 ubi
254 617 287 678 in
314 621 403 679 textu
430 615 530 677 minus
559 621 642 678 corta
675 618 851 678 coniectura
882 619 1010 699 legitur,
1042 621 1070 681 6.
1094 638 1202 682 omncs

173 707 321 769 lectiones
343 706 441 786 pariis
464 705 613 766 librorum
636 699 705 789 (scd
723 707 837 786 spumis
861 707 1058 770 librariorum
1080 709 1201 770 mendis
1301 781 1302 792 ¹

173 797 269 858 tacite
292 786 465 878 correctis),
494 813 695 874 quaecunque
722 815 783 858 non
810 797 912 858 minus
940 801 1041 859 rectae
1069 803 1203 877 possunt

171 885 271 948 videri
295 906 388 966 quam
410 885 492 964 quod
523 904 578 964 ago
606 885 639 945 in
665 889 753 948 textu
782 885 904 948 exhibui
934 879 1061 968 (casque
1088 888 1133 948 ita
1161 893 1203 948 ut
1298 891 1303 956 3

174 994 252 1056 quas
271 977 336 1054 ipsa
355 973 566 1054 improbarem,
584 975 671 1036 uncis
689 968 900 1054 includerem).
932 975 1013 1036 Nam
1032 995 1102 1038 cum
1117 977 1201 1038 Mar·
1299 991 1302 1008 ¹*

173 1065 259 1127 tialis
283 1065 506 1145 epigrammata
529 1062 628 1125 tribus
651 1065 800 1126 librorum
823 1066 950 1126 familiis
978 1065 1017 1125 ad
1044 1085 1099 1128 nos
1130 1085 1200 1144 per·

173 1154 322 1234 vonerint,
345 1153 416 1215 fam.
435 1153 465 1214 A
484 1153 533 1234 (Β,
553 1153 587 1232 Τ,
605 1147 660 1236 Η),
684 1173 762 1234 quac
787 1155 903 1233 optima
926 1159 981 1234 est,
1001 1155 1054 1216 sod
1076 1159 1201 1216 tantum
1301 1229 1303 1244 Ι

177 1248 319 1325 excerpta
342 1243 486 1322 continet,
509 1243 580 1302 fam.
599 1243 626 1303 B
647 1236 700 1324 (13,
719 1244 806 1305 cuius
830 1245 921 1306 lectio
940 1243 1102 1323 permultis
1121 1245 1199 1305 locis

173 1337 249 1395 nota
272 1337 327 1412 cst,
350 1337 509 1411 practerea
532 1331 601 1411 ΡΟ,
633 1334 686 1412 qui
709 1351 938 1412 nonnumquam
966 1353 1003 1394 ax
1024 1333 1103 1394 libro
1127 1335 1201 1394 iam.
1297 1337 1303 1406 g

173 1421 212 1484 C*
235 1422 364 1484 correcti
382 1413 479 1503 sunt),
500 1422 572 1482 fam.
587 1419 626 1482 0⁸
644 1416 894 1505 (nucum,
914 1442 930 1484 c
949 1422 1061 1502 quibus
1074 1423 1199 1484 XABE
1302 1421 1303 1492 ξ

162 1530 333 1590 nunquam
356 1511 396 1572 ad
418 1511 512 1571 aliam
530 1511 680 1571 familiam
698 1506 885 1595 deflectunt),
909 1513 947 1573 iis
967 1512 1051 1592 locis,
1070 1513 1125 1574 ubi
1143 1518 1202 1572 aut
1302 1505 1303 1514 ’

175 1601 247 1662 iam.
266 1601 295 1661 A
319 1600 469 1662 sociaris
492 1599 578 1660 libris
602 1606 657 1661 aut
680 1593 726 1682 (iu
749 1601 787 1662 iis
811 1601 1040 1682 epigrammatis
1064 1619 1142 1682 quae
1167 1603 1199 1662 in
1302 1601 1303 1606 ’

177 1691 249 1751 fam.
272 1691 301 1750 A
324 1710 385 1752 non
408 1683 569 1771 legchur)
599 1691 671 1750 fam.
694 1689 721 1751 B
745 1709 764 1751 a
787 1691 857 1751 fam.
882 1689 921 1752 0·
947 1691 1111 1771 discrepat,
1135 1711 1202 1753 sae·

180 1780 251 1858 pius
273 1784 346 1841 utra
368 1780 460 1852 lectio
484 1797 503 1841 a
524 1782 616 1858 poeba
638 1781 705 1858 ipso
728 1781 866 1858 profecta
886 1781 935 1859 sit,
960 1781 1121 1842 diiudicari
1139 1801 1202 1844 uon
1262 1852 1268 1864 q

176 1863 321 1951 poicsi.¹)
354 1869 391 1930 Iu
413 1873 501 1930 textu
524 1868 735 1946 ubicunque
758 1869 845 1929 fiori
867 1874 1016 1950 potarat
1039 1869 1201 1932 Schneidc-
1302 1911 1303 1946 3

174 1959 289 2020 acinum
312 1977 380 2020 sum
404 1962 535 2019 secutus.

266 2052 360 2110 Frdl.
384 2047 545 2128 significat,
569 2065 647 2125 quae
670 2045 869 2110 Friadlander
891 2053 947 2110 aut
969 2048 1001 2108 in
1024 2049 1112 2110 libris
1136 2036 1202 2110 sbis

175 2137 350 2218 publicarit
377 2141 433 2198 aui
460 2157 515 2214 par
541 2137 647 2197 liceras
677 2129 725 2218 (p.
747 2131 785 2220 L)
813 2137 944 2217 benigne
972 2157 1093 2200 mecum
1120 2158 1202 2200 com·

177 2227 355 2288 municavii.
400 2227 503 2287 Meum
526 2245 636 2286 nomon
660 2219 766 2307 (Glb)
795 2227 945 2304 imprimis
973 2229 1017 2289 eis
1044 2229 1119 2289 locis
1148 2249 1202 2307 ap-

179 2316 284 2398 posui,
308 2317 344 2378 dc
369 2315 480 2394 quibus
507 2319 563 2376 aut
590 2309 895 2386 in-‘Quaesiionibus
924 2317 1036 2378 criticis
1060 2317 1099 2377 ad
1121 2319 1203 2378 Mar·

178 2399 297 2469 tialem’
318 2398 466 2490 (Dresdae
487 2397 588 2486 1883)
607 2409 663 2466 aui
679 2405 711 2466 in
730 2405 919 2468 Fleckeiscni
937 2405 1110 2467 Annalibus
1128 2411 1202 2468 tom.

181 2499 245 2558 12⁷
277 2489 319 2578 (a.
345 2490 446 2576 1883)
480 2500 535 2557 aut
566 2495 598 2555 in
626 2495 733 2557 Museo
761 2496 906 2557 Rhenano
933 2495 1063 2558 XXXIX
1091 2502 1122 2558 ct
1147 2497 1203 2558 XL

177 2585 316 2647 disserui.

266 2673 414 2736 Omnibus
442 2673 495 2751 qui
522 2692 570 2734 mo
599 2673 635 2735 do
664 2671 818 2734 erroribus
846 2678 902 2734 aut
931 2674 968 2734 <ie
997 2675 1081 2736 vitiis
1113 2680 1203 2756 typo·

175 2763 329 2846 graphicis
354 2761 524 2824 edocebunt
546 2781 688 2841 magnam
712 2761 829 2822 habebo
854 2763 993 2842 gratiam.

266 2870 380 2948 Scripsi
402 2868 538 2931 Dresdae
562 2888 589 2929 a.
612 2867 894 2930 MDCCCLXXXV.

766 2987 768 2998 ·
893 2987 948 3058 w.
972 2985 1110 3060 ansero
1194 2952 1199 2960 ’

247 3169 274 3238 1)
302 3166 348 3222 Λᾶ
374 3165 463 3221 libros
492 3163 595 3219 I-Vll
623 3163 761 3220 lectiones
787 3165 894 3221 codicia
923 3165 946 3234 Q
974 3169 1004 3222 ct
1031 3166 1138 3222 codicis
1171 3168 1203 3237 F,
1231 3233 1234 3239 Ι

172 3238 223 3310 qui
240 3238 316 3294 inter
333 3236 459 3293 familias
478 3236 501 3290 Β
521 3239 551 3292 eb
564 3235 600 3292 C·
619 3235 747 3304 fluctuat,
768 3252 801 3291 cx
815 3235 1029 3294 Friedlaeuderi
1047 3238 1202 3295 collatione

172 3309 287 3378 addidi,
307 3309 356 3366 sed
380 3308 435 3375 iba,
458 3311 492 3363 ut
509 3308 675 3378 plerumque
694 3324 786 3376 nequa
804 3313 947 3378 notarem,
971 3309 1021 3364 ubi
1040 3309 1063 3374 Q
1087 3317 1203 3380 praeter

172 3382 325 3438 laudonem
345 3379 510 3436 familiaaB
530 3379 617 3435 etiam
635 3379 763 3434 familiae
779 3377 814 3434 C·
832 3379 984 3436 lectionem
997 3381 1095 3452 habet,
1109 3399 1203 3452 neque

170 3453 194 3509 F
213 3469 463 3510 commemorarem
481 3451 532 3508 ubi
549 3450 678 3507 familiae
697 3451 721 3505 B
740 3455 770 3506 et
789 3450 825 3508 C·
843 3453 1032 3510 consentiunt.
