2528 4038
358 242 656 302 EPIGRAMMATON
676 244 743 303 LlB.
762 245 810 304 IV.
1027 247 1089 313 101

118 403 318 494 Dicebatque
343 411 411 475 suis
435 409 516 476 baec
539 411 668 475 tantum
692 409 803 476 deesse
826 411 995 496 trecentis,

160 495 207 562 Ut
229 503 345 582 posset
369 499 500 564 domino
524 497 679 584 plaudere
703 500 808 566 iustus
833 520 939 586 eques.

97 583 255 652 5Praetor
278 588 325 652 ait
348 586 437 672 „Seis
460 609 513 653 me
536 585 659 674 Scorpo
684 588 866 674 Thalloque
890 589 1054 670 daturum,

160 675 272 762 Atque
294 676 421 743 utinam
445 681 576 744 uentum
599 678 690 742 milia
714 680 784 744 sola
807 675 944 744 darem.“

118 763 169 828 Ah
193 765 297 850 pudet
318 766 481 852 ingratae,
505 767 606 852 pudet
629 766 671 832 ah
695 767 780 832 male
804 767 915 832 divitis
939 787 1040 832 areae.

161 853 256 931 Quod
278 877 345 920 non
368 855 426 921 das
450 856 566 940 equiti,
589 857 638 922 vis
662 856 751 940 dare,
774 860 918 942 praetor,
940 855 1047 941 equo?

507 1031 656 1098 LXVIII.

19 1191 20 1194 ,
63 1191 66 1196 .
119 1136 242 1205 Invitas
267 1142 396 1206 eentum
422 1139 658 1223 quadrantibus
682 1143 715 1205 et
736 1137 819 1204 bene
842 1161 965 1206 cenas.¹

90 1303 92 1308 ,
163 1227 208 1294 Ut
231 1249 343 1294 cenem
367 1227 503 1312 invitor,
527 1226 637 1312 Sexte,
661 1251 703 1294 an
724 1231 762 1293 ut
785 1228 969 1296 invideam?
1056 1251 1058 1258 ’

527 1403 641 1470 LXIX.

121 1507 167 1574 ln
189 1507 305 1575 Setina
328 1510 458 1594 quidem
482 1531 608 1594 semper
631 1511 682 1576 vel
706 1509 847 1576 Massica
868 1509 978 1596 ponis,

162 1596 289 1682 Papile,
313 1597 370 1663 sed
392 1620 504 1664 rumor
527 1601 597 1664 tam
619 1599 706 1666 bona
728 1599 805 1664 vina
826 1602 940 1686 negat:
985 1625 989 1630 ·

121 1684 243 1752 Diceris
267 1687 330 1751 hae
352 1685 459 1752 factus
484 1687 612 1753 caelebs
636 1692 752 1772 quater
775 1709 845 1752 esse
869 1688 999 1775 lagona

163 1773 230 1841 Neo
252 1779 333 1861 puto
357 1798 417 1842 neo
439 1775 549 1860 eredo,
571 1775 700 1863 Papile,
723 1798 782 1842 neo
805 1776 892 1844 sitio.

111 1904 146 1990 ¹-
535 1951 632 2018 axx

111 2055 212 2140 ‚Nihil
234 2058 412 2124 Ammiano
435 2062 566 2144 praeter
590 2057 713 2123 aridam
737 2062 857 2159 negtem

84 2143 89 2170 ¹
123 2145 261 2214 Moriens
284 2147 418 2234 reliquit
439 2147 565 2212 ultimis
588 2151 682 2234 pater
705 2147 807 2213 ceria

123 2233 206 2302 Fieri
228 2240 361 2322 putaret
384 2257 480 2322 posse
504 2236 590 2320 quis,
612 2235 800 2320 Menullino,

123 2323 167 2392 Ut
188 2325 383 2392 Ammianus
407 2328 572 2390 mortuum
595 2329 723 2410 patrem
746 2323 870 2392 nollet?

526 2501 641 2567 LXXI.

124 2607 246 2686 Quaero
271 2609 326 2676 diu
349 2613 469 2693 totam,
494 2607 624 2674 Safroni
648 2606 744 2694 Rufe,
767 2631 826 2694 per
848 2609 976 2695 urbem,

165 2697 199 2765 Si
222 2721 287 2785 qua
309 2699 419 2784 puella
441 2702 554 2784 neget:
577 2697 670 2761 nulla
691 2697 802 2782 puella
823 2701 934 2785 negat.

124 2786 290 2874 Tanquam
312 2787 364 2854 fas
386 2809 455 2852 non
477 2789 533 2868 sit,
556 2786 781 2870 tanquamsit
803 2791 899 2873 turpe
923 2809 1057 2875 negare,

165 2877 334 2964 Tanquam
357 2898 424 2942 non
447 2874 557 2940 lineat:
580 2875 678 2940 nulla=
695 2876 806 2958 puella
828 2879 938 2962 negat.

99 2964 219 3033 oOasta
235 2966 340 3054 igitur
357 2965 448 3030 nulla
468 2965 540 3030 est?
564 2967 641 3029 sunt
659 2967 769 3028 castae
788 2964 892 3029 mille:
915 2964 992 3050 quid
1011 2987 1090 3053 ergo

164 3055 262 3122 Casta
284 3053 386 3120 facit?
408 3075 476 3120 non
500 3053 570 3140 dat,
592 3073 659 3118 non
682 3056 793 3118 tamen
814 3053 874 3119 illa
895 3057 1005 3139 negat

514 3178 646 3297 nxxn.

66 3401 69 3407 .
110 3337 249 3428 Txigis,
271 3343 310 3404 ut
333 3338 449 3406 donem
471 3343 605 3404 nostros
629 3337 706 3422 tibi,
730 3335 861 3416 Quinte,
884 3336 1024 3404 libellos.

162 3428 237 3496 Nou
261 3429 382 3514 habeo,
406 3428 461 3492 sed
485 3427 587 3493 habet
609 3427 792 3512 bibliopola
815 3425 980 3511 Tryphon.

17 3551 19 3610 p
121 3517 205 3604 ,Aes
225 3518 310 3584 dabo
334 3539 394 3604 pro
417 3517 514 3604 nugis
539 3521 572 3582 et
588 3524 702 3582 'emam
725 3520 783 3580 tua
801 3515 947 3581 earmina
969 3514 1092 3580 sanus?

17 3621 18 3624 ’
161 3607 256 3674 Non“
277 3607 386 3694 inquis
409 3605 547 3698 „faeiem
570 3610 640 3672 tam
663 3603 782 3671 fatue.“
816 3602 892 3670 Nea
908 3625 978 3690 ego.
1030 3633 1032 3636 ·
