2528 4038
177 197 241 264 116
285 284 293 300 1
504 195 543 252 ll.
561 193 646 252 VAIs.
664 190 864 250 uaerlhnls

617 354 752 424 XXXV.

219 465 308 532 Dum
332 466 396 532 ribi
418 465 523 532 redire
547 464 587 532 de
609 463 823 530 Patrensibus
846 459 956 528 fundis

219 555 355 622 Ducena
377 555 500 622 clamat
523 554 708 621 coccinatus
730 551 884 618 Euclides

220 642 456 729 Corinthioque
478 643 575 730 plura
598 643 637 708 de
660 641 848 708 suburbano
1110 699 1113 704 r

220 732 435 818 Longumque
458 731 594 816 pulchra
617 734 758 796 stemma
780 728 902 814 repetit
925 750 945 794 a
967 725 1056 792 Ledo

195 821 269 887 suc
291 821 465 886 suscitanti
486 819 581 886 Leito
604 819 795 885 reluctatur:
1078 855 1082 860 =

221 909 339 994 Equiti
362 909 516 996 superbo,
538 907 656 992 nobili,
678 905 837 990 locupleti

221 995 345 1064 Occidit
368 1001 501 1084 repente
524 1017 646 1084 magna
668 994 708 1061 de
731 995 805 1060 sinu
828 993 938 1060 clavis.

220 1085 411 1173 Nunquam,
433 1085 586 1171 Fabulle,
607 1084 746 1170 nequior
767 1082 832 1148 fuit
854 1081 967 1150 clavis.

607 1223 759 1292 XXXVI.

222 1333 388 1400 Laudatus
411 1337 527 1400 nostro
551 1333 698 1418 quidam,
720 1329 889 1412 Faustine,
912 1327 1026 1394 libello
1087 1362 1094 1372 ·

159 1518 162 1522 .
266 1421 477 1507 Dissimulat,
500 1422 594 1508 quasi
616 1422 664 1486 nil
687 1420 817 1486 debeat:
840 1415 1007 1505 imposuit.

604 1577 772 1645 XXXVII.

222 1686 338 1754 Puella
361 1687 492 1752 senibus
516 1685 641 1752 dulcior
663 1684 744 1750 mihi
767 1683 895 1771 cygnis,

224 1776 324 1863 Agna
347 1773 479 1840 Galaesi
503 1775 635 1840 mollior
656 1773 860 1858 Phalantini,
988 1771 990 1776 ’
1019 1819 1027 1828 -

223 1863 357 1931 Concha
379 1863 511 1929 Lucrini
534 1863 705 1928 delicatior
727 1862 851 1948 stagni,

224 1953 285 2022 Cui
306 1974 367 2020 nec
389 1952 520 2037 lapillos
543 1951 708 2038 praeferas
730 1949 945 2035 Erythraeos,

198 2041 294 2110 oNec
316 2040 414 2107 modo
437 2041 576 2125 politum
601 2039 731 2125 pecudis
753 2037 883 2104 Indicae
907 2038 1039 2103 dentem

224 2129 390 2215 Nivesque
413 2129 536 2213 primas
560 2129 729 2214 liliumque
752 2149 819 2192 non
842 2129 979 2211 tactum3

225 2219 317 2296 Quae
340 2218 426 2284 crine
450 2218 529 2284 uicit
551 2215 676 2282 Baetici
700 2216 810 2302 gregis
833 2215 938 2280 vellus

225 2307 395 2392 Rhenique
418 2306 522 2372 nodos
545 2326 742 2390 aureamque
765 2303 928 2388 nitellam3

224 2396 400 2483 Fragravit
423 2416 492 2479 ore,
517 2394 604 2480 quod
626 2394 787 2459 rosarium
811 2392 937 2476 Paesti,

183 2503 216 2552 ιο
226 2484 320 2562 Quod
342 2485 528 2550 Atticarum
551 2484 658 2569 prima
680 2481 780 2546 mella
802 2503 964 2564 cerarum,

226 2573 321 2652 Quod
344 2573 530 2638 sucinorum
553 2575 650 2654 rapta
672 2571 711 2634 dc
735 2592 831 2636 manu
857 2568 967 2656 gleba3

226 2661 287 2730 Cui
309 2665 516 2746 comparatus
539 2659 691 2724 indecens
715 2662 785 2723 erat
808 2681 907 2744 pavo,

225 2749 417 2816 Inamabilis
441 2749 566 2816 sciurus
589 2751 622 2812 et
645 2745 796 2832 frequens
820 2745 975 2832 phoenix:
1090 2800 1094 2807 .

156 2853 160 2858 “
226 2838 342 2904 Adhuc
365 2837 487 2904 recenti
510 2839 600 2920 tepet
622 2835 764 2900 Erotion
786 2834 898 2915 busto,

184 2925 331 3002 loQuanr
356 2927 571 3012 pessimorum
595 2926 646 2989 lex
670 2946 782 2988 amara
804 2922 946 2990 fatorum

228 3015 328 3082 Sexta
349 3015 478 3102 peregit
502 3013 620 3096 hieme,
642 3033 702 3077 nec
724 3017 835 3078 tamen
858 3015 943 3094 tota,

228 3105 369 3171 Nostros
393 3123 521 3168 amores
546 3099 764 3188 gaudiumque
787 3101 949 3187 lususque.

227 3194 274 3260 Et
296 3214 366 3259 esse
389 3192 518 3257 tristem
542 3212 594 3254 me
618 3211 708 3254 meus
731 3194 822 3256 velat
845 3190 980 3274 Paetus,

227 3281 409 3367 Pectusque
433 3279 565 3364 pulsans
588 3279 712 3362 pariter
734 3283 768 3344 et
791 3301 917 3344 comam
940 3279 1079 3344 vellens:

184 3367 375 3451 uo„Deflerc
397 3390 463 3432 non
486 3370 519 3430 te
542 3366 695 3432 vernulae
717 3367 818 3452 pudet
842 3368 1004 3434 mortem?

228 3455 303 3538 Ego
326 3453 515 3538 coniugem“
538 3453 645 3536 inquit
668 3457 786 3540 „extuli
794 3509 802 3540 ,
826 3460 993 3522 ettamen
1016 3457 1104 3541 vivo,

228 3538 365 3623 Notum,
389 3540 576 3624 superbam,
599 3543 755 3630 nobilem,
778 3545 1006 3630 locupletem.“
1145 3545 1152 3553 ’
