2528 4038
379 203 676 262 nrrcannmrou
693 203 761 262 nra.
781 205 830 264 111.
912 155 944 252 s
1069 188 1110 273 ‘ll
1201 272 1205 280 .

133 369 222 446 Quid
245 368 295 436 vis
318 391 385 452 me,
408 389 503 452 rogo,
527 366 672 452 Phoebe,
696 369 878 455 suspicari?
957 383 960 390 '

1 473 2 524 4
133 458 273 523 Mollem
296 458 425 524 credere
449 461 482 523 te
505 457 611 522 virum
636 457 803 543 volebam,

1 631 2 640 ἵ
104 546 201 614 assed
219 569 331 612 rumor
353 551 455 634 negat
479 567 550 612 esse
573 551 608 612 te
630 546 809 614 cinaedum.

530 677 678 746 LXXIV.

133 767 306 834 Psilothro
328 766 447 834 faeiem
470 767 561 834 levas
585 773 619 834 et
641 769 781 856 dropace
804 769 942 836 calvam.

182 855 350 943 Numquid
372 863 555 943 tonsorem,
579 856 781 944 Gargiliane,
804 857 923 924 times?

135 946 222 1024 Quid
246 945 368 1012 facient
392 947 540 1032 ungues?
563 969 639 1011 nam
663 952 751 1013 certe
774 969 840 1013 non
862 950 957 1034 potes
980 945 1058 1011 illos

182 1034 317 1120 hesino,
340 1033 470 1100 Veneto
493 1057 552 1104 nec
575 1056 721 1102 resecare
744 1035 824 1101 luto.

106 1122 273 1208 mesine,
297 1123 325 1190 si
349 1123 454 1210 pudor
477 1130 540 1205 est,
564 1125 718 1190 miseram
741 1124 910 1192 traducere
933 1123 1073 1188 calvam:

183 1211 255 1280 Hoc
278 1211 350 1278 fieri
372 1233 493 1292 cunno,
518 1211 722 1297 Gargiliane,
746 1213 841 1280 solet.

137 1433 249 1518 Stare,
272 1433 431 1520 Luperca,
454 1433 519 1500 tibi·
540 1343 756 1518 ildhrxpdhidem
779 1433 926 1499 mentula
948 1431 1048 1518 desit,

184 1523 335 1589 Luctaris
359 1523 492 1588 demens
515 1528 553 1587 tu
576 1526 688 1588 tomen
711 1523 862 1608 arrigere.

140 1611 205 1678 Sed
228 1613 311 1676 nihil
335 1633 450 1676 erucae
472 1611 599 1676 faciunt
621 1609 776 1694 bulbique
800 1611 938 1690 salaces,

182 1701 328 1787 Inproba
351 1721 410 1766 nec
433 1703 573 1785 prosunt
595 1700 660 1763 iam
685 1699 829 1763 satureia
851 1698 923 1764 tibi.

107 1789 287 1874 oCoepisti
309 1809 409 1873 puras
432 1789 549 1872 opibus
572 1808 779 1870 corrumpere
802 1788 937 1852 buccas:

184 1877 238 1944 Sic
262 1898 390 1963 quoque
412 1897 480 1942 non
502 1877 584 1941 vivit
608 1877 786 1942 sollicitata
809 1874 929 1943 Venus.

138 1967 255 2034 Mirari
279 1969 360 2035 satis
384 1965 447 2030 hoc
470 1964 643 2049 quisquam
667 1963 719 2030 vel
742 1963 870 2029 credere
893 1963 1016 2050 possit,
1062 2037 1064 2039 ,

184 2055 278 2133 Quod
300 2076 367 2120 non
390 2057 472 2138 stab,
495 2075 616 2140 magno
641 2057 742 2137 stare,
766 2051 924 2138 Luperca,
947 2052 1031 2118 tibi?

532 2183 679 2250 LXXVI.

137 2277 271 2364 Arrigis
296 2275 338 2342 ad
360 2275 503 2359 vetulas,
525 2273 669 2358 fastidis,
688 2271 804 2358 Basse,
828 2273 970 2359 puellas,

183 2365 253 2432 Nec
275 2366 423 2433 formosa
444 2363 520 2448 tibi,
544 2361 600 2428 sed
622 2362 781 2428 moritura
803 2363 921 2448 placet

136 2455 212 2538 Hic,
221 2476 313 2542 rogo,
322 2475 390 2520 non
399 2451 491 2519 furor
500 2455 560 2536 est,
570 2472 635 2516 non
645 2449 727 2516 haec
737 2455 788 2516 est
802 2451 948 2516 mentula
958 2449 1114 2516 demens?

185 2541 267 2609 Cum
290 2543 397 2629 possis
420 2539 590 2624 Hecaben,
613 2561 678 2604 non
700 2544 795 2626 potes
818 2539 1085 2605 Andromachen!

524 2669 688 2738 LXXVIL

135 2765 173 2834 N
175 2787 210 2832 ec
232 2765 355 2831 mullus
378 2785 438 2830 nec
460 2767 494 2828 te
518 2761 672 2844 delectat,
694 2759 840 2846 Baetice,
863 2763 993 2851 turdus,
1161 2850 1163 2852 Ι

184 2853 253 2921 Nec
276 2854 370 2940 lepus
394 2856 445 2917 est
467 2871 612 2938 unquam
634 2871 694 2914 neo
716 2851 778 2914 tibi
802 2854 917 2936 gratus
941 2873 1032 2937 aper,

108 2977 110 2981 ⁴
135 2944 265 3012 Necte
287 2941 494 3008 libaiuvant
516 2961 575 3006 nec
599 2944 707 3004 sectae
731 2937 855 3022 quadra
877 2940 1062 3023 placentae,
1145 2989 1146 2992 ,
1184 3023 1186 3028 s

184 3031 255 3098 Nec
277 3029 384 3114 Libye
408 3029 512 3096 mittit
534 3049 594 3094 nec
607 3027 680 3092 tibi
702 3024 819 3091 Phasis
844 3047 936 3092 aves:

108 3141 130 3206 o,
138 3119 305 3206 Capparin
328 3121 363 3184 et
384 3118 475 3205 putri
498 3139 595 3203 cepas
618 3115 720 3182 allece
742 3118 895 3180 natantes

83 3217 99 3248 ⁰
185 3208 231 3274 Et
254 3209 390 3294 pulpam
413 3207 511 3272 dubio
535 3208 574 3273 de
597 3209 755 3292 petasone
779 3224 892 3289 voras,

105 3345 106 3348 ,
139 3297 252 3381 Teque
269 3297 386 3365 iuvant
408 3317 519 3384 gerres
543 3300 577 3362 et
599 3294 685 3379 pelle
709 3290 900 3376 melandrya
923 3313 1019 3376 cana,

185 3385 343 3452 Resinata
365 3386 451 3452 bibis
470 3386 564 3469 sina,
586 3382 728 3450 Falerna
749 3379 848 3468 fugis.
932 3457 933 3462 ἵ

138 3474 261 3542 Nescio
285 3475 371 3560 quod
395 3475 556 3540 stomachi
579 3473 699 3539 vitium
724 3469 882 3536 secretius
905 3489 986 3534 esse¹

91 3583 128 3632 10
186 3562 356 3650 Suspicor:
378 3568 417 3656 ut
440 3563 517 3649 quid
540 3561 640 3646 enim,
664 3560 811 3645 Baetice,
835 3557 1074 3645 saprophagis‘l
1156 3563 1159 3568 '
