2528 4038
145 223 149 232 ·
178 221 243 290 154
507 221 545 279 u.
567 220 645 280 vnn.
663 219 862 278 uunnums

941 354 951 362 ,,
1251 319 1252 354 l

220 385 264 452 Di
287 385 445 464 facerent,
468 389 507 450 ut
529 388 566 452 tu
589 385 768 470 loquereris
792 388 826 450 et
849 385 905 450 ille
928 387 1068 452 taceret:
1251 359 1252 388 ¹

266 472 419 541 Offendor
442 474 538 540 cunni
562 474 758 561 garrulitate
782 473 849 539 tui·
1251 525 1252 552 y

221 562 343 629 Pedere
366 566 400 628 te
423 563 554 628 vellem:
578 583 719 648 namque
742 563 805 630 hoc
827 585 894 630 nec·
909 560 1026 628 inutile
1050 560 1134 627 dicit

178 668 212 718 ιο
267 649 482 736 Symmachus
506 656 539 718 et
562 651 665 718 risum
688 673 741 718 res
765 656 876 718 movet
898 651 964 717 ista
988 651 1106 716 semel:

222 739 303 818 Quis
326 739 431 805 ridere
454 744 565 826 potest
588 739 672 806 fatui
694 744 915 826 poppysmata
938 739 1059 805 cunni?
1081 761 1083 764 ·
1251 803 1252 808 ,

266 826 349 896 Oum
373 834 468 894 sonat
490 829 557 914 hic,
581 829 633 894 cui
654 850 722 894 non
740 829 886 894 mentula
904 849 1061 913 mensque
1087 827 1189 894 cadit?
1251 831 1252 904 J

221 915 283 984 Dic
306 917 429 1002 aliquid
453 918 570 983 saltem
594 917 802 1002 clamosoque
826 917 978 1002 obstrepe
1002 939 1125 1002 cnunc,
1251 927 1252 972 ἒ

264 1004 311 1072 Et
333 1006 362 1072 si
385 1007 465 1072 adeo
489 1009 581 1072 muta
604 1027 653 1089 es,
675 1005 763 1071 disca
787 1005 839 1071 vel
863 1005 936 1072 inde
960 1005 1061 1090 loqui.
1251 993 1252 1076 l

108 1303 110 1310 Ι
222 1225 457 1292 Fraomentum
481 1227 568 1312 quod
591 1226 656 1293 vile
678 1229 777 1312 putas
801 1229 835 1292 et
857 1226 972 1292 inutile
995 1227 1137 1314 lignum,
1251 1223 1252 1242 ³

266 1279 356 1381 llaec
377 1315 442 1382 fuit
465 1315 571 1402 ignoti
593 1315 700 1400 prima
723 1315 834 1381 carina
857 1316 972 1402 maris,

222 1402 327 1481 Quam
348 1425 409 1470 nec
432 1401 580 1490 Cyaneae
604 1404 767 1489 quondam
789 1407 925 1490 potuere
948 1403 1061 1470 ruinae

266 1491 431 1580 Frangere
453 1515 514 1559 nec
538 1491 685 1576 Scythici
707 1493 837 1558 tristior
859 1493 908 1558 ira
931 1493 1021 1558 freti,

196 1579 358 1648 aSaecula
381 1583 540 1648 vicerunt:
563 1581 620 1647 sed
644 1581 792 1666 quamvis
816 1582 951 1648 cesserit
974 1580 1083 1666 annia,

257 1667 419 1736 Sanctior
442 1675 493 1736 est
515 1670 607 1736 salva
629 1692 731 1755 parva
754 1670 877 1738 tabella
900 1675 981 1736 rate.

152 1860 155 1866 ,
650 1800 721 1870 XX.
754 1799 789 1860 t*

100 1976 101 1980 Ἰ
190 1962 191 1966 Ἰ
222 1887 315 1956 Nihil
340 1893 399 1978 est,
413 1889 563 1956 miserius
585 1913 690 1977 neque
714 1891 861 1980 gulosius
886 1889 1014 1958 Santra.
1130 1915 1137 1950 ·.

150 2041 152 2046 .
222 1978 359 2045 Rectam
382 1983 515 2045 vocatus
539 2001 613 2046 cum
636 1982 778 2046 cucurrit
801 1980 841 2046 ad
865 2001 992 2065 cenam,

223 2066 328 2144 Quam
351 2071 402 2132 tot
425 2067 538 2133 diebus
561 2067 776 2154 noctibusque
799 2069 956 2154 captavit,

223 2157 288 2221 Ter
309 2156 416 2242 poscit
439 2157 510 2241 apri
533 2157 718 2243 glandulas,
742 2163 858 2242 quater
882 2157 1046 2243 lumbum,

196 2245 268 2311 eEt
290 2249 463 2330 utramque
487 2267 600 2310 coxam
624 2245 744 2330 leporis
768 2251 801 2311 et
825 2247 905 2313 duos
929 2269 1054 2332 armos,

223 2333 292 2400 Nec
314 2333 477 2400 erubescit
499 2334 644 2419 peierare
668 2335 706 2398 de
730 2335 826 2400 turdo

220 2423 269 2488 Et
292 2426 475 2488 ostreorum
498 2445 611 2508 rapere
635 2423 754 2488 lividos
778 2423 889 2490 cirros.

223 2511 339 2578 Buccis
362 2511 532 2596 placentae
556 2511 720 2576 sordidam
743 2510 1009 2598 linit’mappam3

222 2600 296 2666 Illic
319 2604 353 2666 et
375 2622 456 2666 uvae
480 2599 683 2666 collocantur
706 2599 825 2666 ollares
1015 2677 1016 2680 Ἴ

180 2689 268 2755 10Et
291 2687 488 2755 Punicorum
511 2711 614 2774 pauca
637 2710 741 2774 grana
764 2681 924 2756 inalorum

223 2778 270 2844 Et
286 2782 467 2844 *excavatae
490 2778 585 2862 pellis
609 2777 759 2844 indecens
783 2779 898 2844 volvae

222 2865 276 2935 Et*
291 2866 382 2951 lippa
404 2867 483 2932 ficus
507 2866 686 2951 debilisque
709 2866 849 2932 boletua
999 2943 1003 2950 ¹
1094 2939 1095 2942 Ἴ

224 2953 288 3020 Sed
311 2976 429 3040 mappa
453 2976 526 3019 cum
549 2956 616 3020 iam
639 2955 730 3020 mille
753 2957 915 3040 rumpitur
939 2955 1052 3041 iurtiS,

221 3043 328 3109 Rosos
351 3043 475 3129 tepenti
499 3044 676 3128 spondylos
700 3043 774 3109 sinu
797 3045 908 3110 condit

179 3132 268 3198 aar
290 3132 445 3198 deuorato
469 3131 576 3215 capite
600 3137 762 3198 turturem
785 3137 946 3200 truncum.

222 3219 385 3307 Colligere
408 3221 508 3306 longa
531 3224 626 3305 turpe
649 3244 709 3288 nec
731 3226 827 3306 putat
851 3221 979 3307 dextra,
1114 3301 1117 3306 Ι

221 3309 381 3375 Analecta
405 3309 561 3393 quidquid
584 3313 617 3374 et
641 3331 735 3375 canes
758 3311 970 3395 reliquerunt.

221 3395 291 3461 Nec
315 3397 482 3462 esculenta
505 3395 626 3462 sufficit
650 3399 746 3484 gulae
770 3399 903 3484 praeda,

221 3481 326 3548 Mixto
349 3483 504 3568 lagonam
526 3484 631 3568 replet
655 3487 696 3550 ad
718 3486 816 3570 pedes
840 3488 925 3554 vino.

180 3567 313 3634 aoHaec
335 3592 394 3653 par
417 3571 571 3637 ducentas
595 3594 668 3638 cum
693 3574 826 3642 domum
850 3576 930 3642 tulit
953 3576 1059 3644 scalas
