2568 4040
204 212 272 282 374
486 205 926 268 moaxsrronmmsrou.

205 373 236 430 ai
253 389 332 430 meus
351 371 445 430 aurita
462 370 570 442 ganda
587 369 752 440 lagalopece
770 367 888 424 Flaccus
895 409 1045 426 .....
1093 365 1151 435 Vll,
1167 369 1204 420 tt.

206 444 237 502 Si
254 443 324 501 mihi
342 443 446 500 Picena
463 442 563 498 turdus
581 441 703 512 palleret
720 438 798 497 oliva
821 479 1042 498 .......
1105 435 1150 505 IX,
1167 443 1204 492 tl.

206 515 237 572 si
253 519 363 572 mutare
381 531 465 586 paras
483 514 637 584 longaevos
656 528 728 568 cana
745 527 780 566 ea
800 510 866 566 illos
893 553 901 568 .
929 554 936 568 .
965 553 972 566 .
1000 552 1007 568 .
1036 508 1149 575 .=x1v,
1167 514 1204 562 tt.

206 587 236 644 Si
253 586 357 642 nimius
375 585 473 642 videor
491 600 609 654 seraque
627 581 760 640 coronide
779 529 901 652 iiongus.
929 624 936 638 .
964 624 971 637 .
1000 625 1007 638 .
1037 624 1043 638 .
1160 621 1167 646 ,
1199 620 1204 631 .

206 658 236 714 si
254 674 310 713 non
328 657 373 712 est
390 673 476 727 grave
494 672 547 712 nee
565 654 649 710 nimis
667 653 820 709 molestum
859 697 866 710 .
895 693 902 709 .
929 693 937 710 .
965 695 972 710 .
1000 694 1009 710 .
1038 696 1045 708 .
1159 691 1167 716 ,
1199 691 1204 702 .

206 729 237 784 Si
253 745 311 784 non
329 727 429 798 ignota
447 729 492 782 est
509 725 587 783 docti
605 725 661 782 tibi
677 728 754 780 terra
772 722 901 780 Catulli.
929 765 936 780 .
965 766 972 780 .
1001 765 1009 780 .
1037 766 1043 780 .
1129 763 1137 788 ,
1199 762 1205 773 .

206 797 237 856 si
253 815 310 854 non
328 798 479 854 molestum
497 801 542 854 est
559 801 644 868 teque
662 813 720 852 non
736 794 826 866 piget,
845 809 971 850 reason.
999 837 1006 850 .
1035 837 1042 851 .
1199 834 1204 846 .

206 869 236 926 si
253 886 374 941 possem,
392 871 468 924 totas
487 885 619 938 cuperem
636 867 748 922 misisse
766 865 894 920 lacernas
927 907 935 922 .
963 907 970 922 .
998 907 1006 923 .
1034 907 1042 924 .
1126 905 1135 929 ,
1199 907 1204 917 .

206 941 236 996 Ιί
253 941 330 1012 prior
347 939 505 1010 Euganeas,
524 938 661 1006 Clemens,
679 935 924 992 Helicaonis-oras
964 979 971 993 .
1000 978 1007 992 .
1036 977 1043 994 .
1119 933 1154 1002 X,
1167 940 1205 989 9³.

206 1011 236 1068 Si
255 1029 311 1081 qua
329 1010 399 1066 fides
418 1009 500 1078 veris,
519 1009 662 1081 praeferri,
681 1007 802 1064 maxime
820 1005 925 1062 Caesar
963 1049 970 1064 .
999 1049 1006 1064 .
1034 1048 1042 1064 .
1114 1005 1148 1072 V,
1168 1011 1204 1060 19.

206 1083 236 1138 Si
254 1099 310 1151 qua
328 1081 498 1137 videbuntur
516 1081 622 1136 chartis
641 1078 704 1146 tibi,
722 1079 819 1146 lector,
838 1077 868 1132 in
887 1076 970 1134 istis.
999 1121 1006 1134 .
1034 1119 1042 1134 .
1131 1076 1166 1144 II,
1182 1083 1205 1132 8.

206 1153 236 1210 si
254 1152 367 1222 quando
385 1151 511 1222 leporem
528 1151 620 1206 mittis
638 1149 718 1216 mihi,
737 1148 838 1217 Gellia,
856 1147 928 1203 dicis
963 1191 970 1205 .
999 1190 1008 1206 .
1034 1191 1042 1206 .
1115 1146 1149 1215 V,
1165 1154 1204 1202 29.

206 1223 236 1280 Si
254 1224 323 1294 quid
341 1223 434 1278 adhuc
452 1226 581 1292 superest
598 1222 627 1276 in
645 1221 736 1278 nostri
753 1221 832 1274 faece
850 1217 971 1276 locelli.
999 1262 1006 1276 .
1035 1262 1042 1276 .
1077 1217 1204 1286 X1V,13.

206 1293 322 1364 Siquid
341 1294 413 1350 sorte
431 1297 528 1364 petum
547 1293 647 1348 timido
665 1291 822 1362 gracilique
840 1289 939 1346 libello
963 1333 970 1348 .
998 1332 1006 1348 .
1034 1333 1041 1347 .
1076 1289 1148 1357 Vlll,
1165 1295 1204 1344 24.

206 1365 236 1421 Si
253 1365 331 1434 quid,
349 1363 446 1431 Fusco,
465 1381 548 1420 vacas
567 1364 660 1419 adhuc
678 1361 768 1417 amari
786 1403 1043 1420 ........
1127 1360 1204 1428 Ltl.

205 1436 236 1492 si
254 1435 323 1505 quid
342 1435 405 1490 lene
423 1434 480 1490 moi
498 1435 597 1489 dieunt
615 1438 645 1489 et
663 1433 744 1488 dulce
762 1431 855 1488 libelli
892 1473 1042 1490 .....
1115 1429 1149 1498 X,
1164 1436 1204 1486 45.

205 1506 236 1562 Si
254 1506 323 1576 quid
341 1509 438 1562 nostra
456 1505 513 1560 tuis
532 1505 622 1560 adicit
640 1504 751 1560 vexatio
770 1503 853 1558 rebus
890 1545 1042 1560 .....
1115 1501 1149 1569 X,
1166 1509 1204 1558 82.

205 1576 235 1632 ei
254 1577 322 1646 quid
341 1593 357 1631 ο
378 1594 411 1632 us
430 1575 524 1644 fuerit,
543 1575 598 1632 seis
617 1592 662 1631 me
679 1592 737 1630 non
754 1591 816 1630 esse
834 1573 1005 1645 rogandum.
1034 1616 1041 1631 .
1091 1572 1149 1640 VII,
1166 1580 1204 1628 92.

205 1647 236 1703 Si
253 1647 317 1716 quis
336 1595 403 1702 aies
421 1647 515 1716 longis
534 1663 613 1702 serus
632 1648 775 1716 spectator
792 1645 829 1700 ab
848 1645 933 1702 oris.
962 1689 969 1702 .
998 1687 1006 1702 .
1035 1687 1042 1702 .
1094 1645 1149 1716 Ep.
1166 1651 1204 1700 aa

205 1717 236 1774 Si
253 1718 316 1787 quis
336 1717 391 1773 erit
408 1735 486 1773 raros
504 1717 580 1772 inter
597 1716 786 1772 numerandus
806 1716 933 1774 amicos.
962 1760 970 1774 .
999 1758 1006 1773 .
1035 1760 1042 1774 .
1129 1715 1150 1783 1,
1167 1722 1204 1771 39.

204 1789 235 1844 Si
253 1789 316 1858 quis
335 1789 408 1844 forte
426 1787 496 1842 mihi
515 1787 606 1858 possit
622 1792 767 1858 praestare
784 1786 898 1858 roganti
925 1830 931 1844 .
960 1830 968 1844 .
996 1829 1004 1845 .
1034 1831 1042 1845 .
1105 1786 1151 1854 IV,
1166 1793 1204 1842 42.

1258 1321 1260 1410 l

1259 1411 1260 1494 l

1259 1551 1261 1696 l

204 1860 235 1916 Si
253 1859 316 1929 quis
335 1859 462 1929 plorator
479 1859 552 1914 eollo
572 1857 626 1912 tibi
645 1859 762 1915 vernula
781 1858 899 1984 plendet.
927 1901 935 1914 .
963 1902 971 1916 .
1000 1901 1008 1916 .
1037 1901 1045 1916 .
1080 1857 1152 1926 XIV,
1168 1864 1203 1913 tt.
1261 1875 1262 1882 ¹

205 1930 235 1986 Si
254 1929 422 1985 recitaturus
440 1929 544 1984 dedero
563 1929 618 1984 tibi
636 1928 709 1985 forts
727 1929 785 1984 libe
809 1947 857 1984 um
891 1971 898 1988 .
927 1973 932 1985 .
962 1971 969 1988 .
999 1971 1006 1988 .
1037 1973 1044 1986 .
1068 1928 1139 1996 XIV,
1153 1934 1204 1985 142.

203 2001 235 2056 Si
253 2000 381 2058 Romana
398 2000 492 2056 forent
509 2000 580 2054 hoen
599 1999 722 2056 Socratis
741 2017 799 2069 ora,
818 1999 969 2060 fuissent.
999 2044 1007 2058 .
1036 2043 1044 2058 .
1120 1999 1204 2068 XVI.
1262 2010 1263 2068 ,

204 2071 235 2128 si
253 2071 314 2126 sine
332 2087 415 2126 carne
434 2071 511 2127 voles
530 2071 675 2126 ientacula
691 2087 801 2126 sumere
819 2071 896 2142 frugi
928 2113 934 2128 .
963 2115 970 2128 .
999 2115 1007 2128 .
1037 2115 1045 2130 .
1081 2071 1153 2139 XIII,
1168 2077 1204 2126 ³1.

204 2142 234 2197 Si
253 2141 344 2197 solum
363 2145 471 2211 spectes
490 2141 612 2196 hominis
631 2145 725 2210 eaput,
743 2141 867 2198 Hectora
884 2141 1006 2202 credas.
1036 2187 1044 2200 .
1068 2143 1140 2210 XIV,
1153 2149 1204 2197 tta

203 2213 234 2268 si
253 2214 365 2282 spumet
381 2213 467 2268 rubra
483 2211 597 2268 conchis
616 2211 671 2266 tibi
688 2212 798 2282 pallida
815 2215 891 2269 testa
926 2256 934 2271 .
962 2255 970 2271 .
1000 2257 1007 2272 .
1036 2257 1044 2271 .
1099 2213 1204 2281 XII1,'1.

203 2283 234 2339 Si
253 2285 282 2338 te
300 2283 427 2353 sportula
445 2283 535 2338 maior
553 2284 590 2338 ad
608 2284 706 2339 beatos
712 2325 1043 2343 ..........
1081 2284 1154 2353 VIII,
1170 2289 1204 2339 42.

204 2354 233 2409 Si
252 2355 346 2408 tecum
364 2353 444 2422 mihi,
461 2371 526 2408 care
544 2351 685 2408 Martialis
713 2397 1044 2414 ..........
1121 2357 1155 2424 V,
1170 2361 1205 2410 20.

203 2424 234 2479 si
252 2423 405 2494 temperari
422 2423 554 2480 balneum
572 2425 652 2494 cupis
670 2425 781 2480 fervens
819 2465 1044 2484 .......
1108 2427 1154 2495 III,
1170 2431 1205 2482 tt.

203 2494 234 2550 Si
252 2495 307 2549 tibi
325 2494 459 2564 Cecropio
478 2498 606 2550 saturata
623 2493 756 2564 Cydonea
773 2495 858 2552 melle
890 2539 897 2554 .
925 2539 932 2554 .
961 2539 969 2554 .
998 2539 1006 2556 .
1035 2541 1043 2555 .
1081 2497 1154 2565 XIII,
1170 2503 1205 2552 tl.

203 2565 233 2620 si
252 2565 307 2620 tibi
325 2565 467 2636 Mistyllos
485 2583 577 2632 cocus,
595 2566 763 2634 Aemiliane,
781 2570 899 2624 vocatur
926 2611 934 2626 .
963 2609 969 2624 .
999 2612 1006 2626 .
1037 2611 1044 2626 .
1135 2569 1154 2636 l,
1171 2574 1206 2623 to.

203 2635 234 2692 si
252 2636 307 2692 tibi
324 2653 436 2692 morosa
454 2637 598 2706 prurigine
617 2637 756 2692 verminat
773 2638 863 2698 auris.
892 2681 899 2696 .
926 2683 933 2696 .
962 2679 969 2696 .
999 2682 1007 2698 .
1037 2683 1044 2697 .
1083 2639 1155 2708 XIV,
1171 2645 1206 2694 2³.

203 2707 234 2763 Si
251 2707 306 2762 tibi
325 2707 392 2762 talis
412 2707 474 2774 erit,
494 2708 607 2778 qualem
626 2707 731 2764 dilecta
750 2709 861 2766 Catullo
891 2753 898 2768 .
928 2752 935 2768 .
963 2751 971 2766 .
999 2753 1007 2768 .
1036 2753 1045 2769 .
1082 2711 1155 2778 XIV,
1172 2716 1207 2765 vt.

203 2778 234 2833 Si
252 2777 328 2833 tristi
343 2778 500 2834 domicenio
519 2778 631 2834 laboras
643 2821 1044 2841 ............
1121 2781 1155 2849 V,
1173 2787 1207 2836 '18-

202 2849 233 2904 Si
252 2851 310 2916 tua,
329 2847 445 2916 Cerrini,
464 2867 576 2919 promas
595 2849 802 2920 epigrammata
819 2851 932 2922 vulgo.
961 2893 967 2908 .
997 2895 1004 2909 .
1034 2897 1042 2909 .
1081 2853 1153 2922 VIII,
1172 2859 1206 2908 18.

204 2919 233 2974 si
253 2923 303 2974 tua
320 2936 373 2976 nec
391 2920 478 2976 Thale
497 2938 549 2976 nec
568 2920 647 2976 lusca
665 2925 717 2988 est,
736 2921 849 2991 Quinte,
867 2921 964 2994 puella
1001 2967 1007 2980 .
1038 2967 1045 2982 .
1107 2925 1208 2994 111,11.

202 2989 232 3045 Si
251 2993 353 3046 veneto
371 2992 521 3061 prasinove
539 2991 628 3060 faves,
647 2992 716 3062 quid
735 2993 850 3048 coccina
868 3000 979 3050 sumes?
999 3038 1007 3050 .
1037 3040 1043 3052 .
1068 2995 1142 3062 XIV,
1156 2999 1208 3048 131.

201 3061 232 3116 Si
250 3060 345 3117 vicina
362 3061 416 3116 tibi
435 3063 575 3117 Nomento
595 3081 660 3118 rura
677 3063 807 3119 colantur
820 3107 1043 3124 .......
1081 3065 1154 3134 XlII,
1172 3071 1207 3119 15.

201 3131 232 3187 Si
250 3131 293 3188 vis
313 3132 428 3188 auribus
446 3133 550 3189 Atticis
570 3133 684 3204 probari
714 3178 1044 3196 ..........
1110 3138 1154 3204 IV,
1171 3141 1209 3190 86.

201 3203 231 3258 Si
249 3203 293 3258 vis
313 3219 374 3259 esse
393 3205 480 3272 satur,
499 3207 630 3286 nostrum¹
644 3209 725 3276 potes
744 3223 806 3262 esse
824 3205 960 3278 Priapum
999 3253 1007 3266 .
1038 3253 1045 3266 .
1082 3208 1153 3276 XIV,
1171 3212 1209 3262 70.

201 3273 247 3330 Sic
266 3273 296 3329 in
314 3275 441 3346 gramine
460 3275 545 3332 floreo
564 3276 677 3330 reclinis
713 3319 1046 3338 ..........
1109 3279 1155 3346 IX,
1171 3283 1207 3332 90.

200 3345 247 3401 Sic
264 3363 310 3401 me
328 3347 420 3402 fronte
439 3347 518 3416 legat
538 3345 677 3415 dominus,
695 3347 839 3417 Faustino,
859 3366 971 3406 serena.
1000 3395 1007 3407 .
1037 3395 1044 3408 .
1096 3349 1154 3417 VII,
1173 3355 1207 3402 12.

200 3417 245 3472 Sic
263 3417 408 3486 placidum
427 3417 525 3472 videas
544 3435 663 3488 semper,
681 3417 817 3490 Crispino,
834 3419 1007 3478 Tonantem.
1036 3464 1045 3479 .
1094 3421 1153 3487 VII,
1170 3425 1206 3474 99.

199 3486 246 3540 Sic
264 3490 402 3555 tanquam
420 3489 533 3542 tabulas
552 3489 736 3558 scyphosque,
756 3490 862 3550 Paule.
891 3535 898 3550 .
927 3532 935 3548 .
963 3533 971 3549 .
1000 3535 1007 3548 .
1036 3535 1045 3550 .
1095 3491 1153 3559 XII,
1170 3495 1204 3544 69.

200 3555 246 3611 Sic
263 3555 430 3612 Tiburtinae
449 3561 558 3613 crescat
577 3559 631 3614 titi
650 3559 723 3618 silva
740 3559 850 3618 Dianae
888 3603 896 3619 .
925 3604 933 3622 .
960 3605 968 3620 .
997 3605 1005 3620 .
1034 3606 1042 3622 .
1096 3562 1153 3632 VII,
1169 3566 1204 3616 28.
