2596 4032
387 200 684 262 aercnruulron
701 205 770 263 mn.
790 206 851 264 mr.
1001 171 1003 176 ⁸
1062 211 1125 278 301

560 369 676 438 LXIX.
732 289 799 386 's

152 474 205 542 Sic
227 479 384 563 tanquam
408 476 540 543 tabulas
565 477 782 564 scyphosquc,
805 475 921 560 Paule,

151 564 271 630 Omnes
295 564 493 652 archetypos
517 566 618 632 habes
643 568 775 634 amieos.

568 709 666 777 LXX.

19 883 20 886 ,
150 813 268 880 Itintea
291 815 394 880 ferret
416 811 507 900 Apro
531 816 640 882 vatius
663 837 737 882 cum
760 813 897 881 vernula
918 837 1022 903 nuper

196 903 242 968 Et
265 926 366 988 supra
387 905 539 990 togulam
563 905 656 972 lusca
678 904 805 970 sederet
828 926 910 970 anus

150 992 263 1077 Atque
285 994 350 1058 olei
373 995 498 1060 stillam
522 989 616 1060 daret
639 992 870 1060 enterocelicus
893 997 1024 1082 unctor,

195 1079 344 1148 Udorum
367 1083 502 1148 tetricus
527 1104 641 1148 censor
664 1087 698 1148 et
721 1104 817 1167 asper
839 1087 923 1149 erat:

121 1169 363 1256 5Frangendos
387 1171 504 1236 calices
527 1171 818 1255 effundendumque
840 1169 1017 1238 Falernum
1055 1227 1056 1230 ι
1107 1228 1109 1240 .

131 1289 134 1294 ¹
196 1256 384 1344 Clamabat,
408 1259 536 1326 biberet
560 1259 766 1346 quodmodo
790 1261 878 1326 lotus
903 1282 1009 1346 eques.

150 1347 181 1412 A
206 1369 284 1414 sene
307 1349 364 1414 sed
387 1352 564 1434 postquam
586 1353 703 1436 patruo
728 1369 843 1414 venere
866 1352 1026 1437 trecenta,

196 1435 331 1502 Sobrius
355 1459 375 1503 a
397 1438 535 1502 thermis
558 1437 664 1504 nescit
686 1437 775 1502 abire
800 1437 941 1504 domum.

150 1525 178 1591 0
202 1531 361 1610 quantum
385 1525 526 1592 diatreta
548 1528 660 1592 valent
683 1531 716 1592 et
739 1527 882 1612 quinque
905 1529 1039 1594 comati!

101 1632 138 1682 10
194 1615 298 1700 Tunc,
322 1637 396 1682 cum
418 1637 543 1701 pauper
566 1619 651 1700 erat,
673 1625 739 1680 non
763 1615 897 1682 sitiebat
917 1616 1017 1704 Aper.

941 659 957 734 ἰ

149 1881 207 1946 Nil
230 1904 310 1968 non,
333 1881 459 1969 Lygdo,
482 1773 687 1968 mihlielgxls
711 1881 855 1968 roganti:

150 1971 197 2036 At
219 1971 384 2057 quondam
407 1971 502 2056 mihi,
525 1969 654 2058 Lygdo,
676 1969 725 2050 nil
747 1969 902 2057 negabas.

122 2123 129 2161 ‘
236 2131 237 2134 ’
261 2135 263 2138 ‘
548 2128 682 2196 LXXII.

148 2237 268 2324 Iugera
290 2239 454 2302 mercatus
477 2257 579 2322 prope
602 2237 699 2301 busta
721 2235 856 2302 latentis
881 2237 981 2322 agelli

142 2409 144 2412 Ι
193 2325 239 2391 Et
262 2326 347 2391 male
371 2329 558 2410 compactae
582 2325 725 2390 culmina
746 2325 831 2390 fulta
853 2347 962 2410 casae,

148 2415 282 2482 Deseris
305 2413 460 2497 urbanaS,
483 2417 541 2478 tua
563 2415 708 2498 praedia,
731 2413 920 2499 Pannyohe,
942 2417 1018 2482 lites

193 2503 377 2589 Parvaque,
399 2501 457 2569 sed
479 2505 576 2568 tritae
601 2502 745 2588 praemia
768 2507 857 2568 certa
879 2507 986 2590 togae.

120 2593 377 2677 oFrumentum,
400 2592 526 2657 milium
549 2593 754 2675 tisanamque
776 2591 950 2677 fabamque
974 2593 1103 2662 solebas
1141 2593 1147 2600 ’

194 2680 342 2748 Vendere
364 2680 604 2768 pragmaticus,
625 2701 712 2746 nunc
735 2680 815 2744 emis
839 2681 994 2768 agricola

539 2831 690 2906 LXXIII.

147 2949 311 3018 Heredem
332 2949 396 3016 tibi
418 2971 485 3033 me,
507 2945 652 3031 Catulle,
675 2945 766 3012 diois.

139 3039 226 3116 'Non
248 3039 392 3125 credam,
414 3038 479 3106 nisi
501 3037 627 3125 legero,
651 3033 788 3133 Catulle.

541 3193 689 3264 LXXIV.

146 3307 235 3374 Dum
257 3305 320 3372 tibi
342 3305 491 3372 Niliacus
514 3308 628 3392 portat
651 3301 808 3388 crystalla
831 3299 994 3386 cataplus,

192 3396 316 3480 Accipe
335 3395 376 3461 de
389 3395 485 3460 circo
508 3394 628 3480 pocula
650 3390 823 3458 Flaminio.

91 3546 93 3549 ,
145 3485 194 3552 Hi
215 3485 323 3572 magis
341 3485 499 3568 audaces,
522 3503 565 3548 an
588 3486 664 3548 sunt
687 3480 743 3566 qui
765 3477 846 3544 talia
868 3479 1012 3548 mittunt.

191 3573 351 3642 Munera?
390 3571 455 3639 Sed
479 3573 629 3660 geminus
652 3569 772 3638 vilibus
795 3587 874 3634 usus
896 3568 995 3634 inest:
