2596 4032
153 187 220 255 aaa
479 189 517 248 11.
536 173 839 247 vnuunarums

446 351 583 420 sautu
607 315 730 440 (11111
754 349 876 440 suu).
961 351 964 358 ’

198 447 283 526 Quid
306 469 358 516 me
381 453 583 536 compactam
607 449 689 516 caris
713 453 746 516 et
768 448 948 516 harundine
971 447 1081 514 rides?

242 535 331 616 Quae
353 538 495 624 primum
519 541 646 605 structa
668 543 720 604 est
741 537 855 606 fistula
876 537 955 606 talis
979 541 1057 603 erat.

470 677 567 746 LXV.
589 677 698 748 soleae
720 680 854 747 Iuratae.
968 689 970 694 '

198 775 349 844 Defuerit
371 777 400 843 si
421 775 507 844 forte
529 797 611 861 puer
635 776 807 862 soleasque
829 776 947 844 libebit

144 931 148 937 .
243 863 390 951 Sumere,
411 885 472 951 pro
495 886 597 951 puero
619 885 679 950 pes
702 865 797 930 erit
787 887 857 952 rpsa
881 865 952 934 sibi.

567 1004 829 1074 mauranus
785 1055 806 1107 p

199 1102 343 1170 Taurino
365 1103 498 1189 poteras
521 1107 634 1189 peetus
654 1103 879 1206 constringere
901 1108 1009 1191 tergo:

243 1190 331 1258 Nam
353 1189 449 1276 pellis
472 1213 631 1258 mammas
653 1213 721 1259 non
744 1193 832 1279 rapit
854 1193 920 1258 ista
941 1196 1023 1258 tuas.

376 1329 510 1400 LXVII.
531 1335 732 1402 Muscarium
748 1336 953 1420 pavoninum.

82 1411 85 1418 ¹
162 1461 167 1469 ·
198 1437 359 1508 Lambere
382 1461 473 1543 quaa
487 1444 600 1528 turpes
619 1439 774 1527 prohibet
790 1445 848 1509 tua
870 1439 1008 1528 prandia
1026 1460 1181 1526 muscas,

164 1593 167 1598 .
224 1527 345 1594 Alitis
368 1528 505 1594 eximiae
529 1529 632 1596 cauda
655 1529 795 1616 superba
816 1529 890 1596 fuit.

323 1668 522 1738 Murranum
544 1670 700 1738 bubulum.
724 1668 853 1758 (LXXI.
876 1669 996 1757 Sehn..)

200 1763 387 1834 Sordida'
361 1787 391 1832 su
412 1765 508 1833 flavo
518 1766 620 1834 fuerit
642 1767 706 1834 tibi
728 1769 862 1854 pulvere
884 1767 1000 1851 vestis,
1097 1828 1100 1833 .
1178 1799 1185 1836 r

245 1851 390 1942 Colligat
412 1855 497 1922 hunc
520 1855 612 1920 tenui
634 1855 767 1922 verbere
790 1855 893 1922 cunda
915 1857 1005 1922 levis.

306 1993 423 2064 unm.
445 1993 566 2084 (axvi
568 1996 610 2062 11
633 1995 746 2082 sun.)
769 1995 866 2084 uua
887 1995 1021 2065 auoau.
1138 2017 1151 2067 ι
1279 1899 1287 2080 I

198 2101 350 2169 Peeaant'
324 2104 368 2168 trs
391 2101 508 2168 famuli
530 2123 642 2188 pugno
664 2123 706 2168 na
728 2106 860 2188 percute
826 2102 1011 2169 ertdentes

244 2189 343 2258 Clara
365 2188 499 2256 Rhodos
523 2197 653 2280 eoptam
676 2213 775 2276 quam
797 2191 859 2257 tibi
882 2192 973 2258 misit
958 2191 1081 2258 tedat.

352 2330 493 2416 Priapus
514 2332 684 2418 suiiqiueus
706 2330 835 2417 (LXIX.
859 2331 978 2420 811111).

149 2477 154 2490 ·
200 2435 235 2503 si
259 2437 309 2504 ris
332 2457 403 2502 essa
426 2442 531 2522 satur,
552 2441 701 2505 nostrum
725 2441 819 2522 potes
843 2459 914 2504 essa
936 2439 1105 2528 Priapum:

243 2524 321 2612 Ipsa
344 2525 421 2592 licet
443 2525 573 2592 rodas
563 2527 712 2614 mguina‚
734 2548 836 2612 purus
860 2529 931 2594 eris.

395 2665 510 2734 LXXI.
532 2666 646 2754 (LXX.
670 2665 782 2755 Suhn.)
805 2668 931 2736 Porrus.

199 2773 268 2839 Iste
291 2773 354 2840 tibi
375 2773 475 2840 faciat
497 2775 583 2840 bona
607 2770 797 2840 Saturnalia
818 2796 950 2861 porcus,

243 2861 335 2928 Inter
357 2866 544 2947 spumantes
567 2861 640 2928 iliae
663 2866 778 2950 pastus
802 2885 907 2949 apros.

589 3001 736 3094 Botulus

200 3109 263 3189 Qui
285 3110 376 3176 veuit
397 3108 531 3178 botulus
554 3109 678 3176 madiae
702 3087 763 3177 tibi
787 3116 934 3198 tempore
956 3112 1107 3199 brumae,

244 3197 302 3266 Sat
287 3199 377 3318 turni
400 3204 525 3288 septem
548 3203 682 3266 venerat
704 3203 780 3266 ante
804 3199 880 3268 dies.
981 3207 986 3216 “

491 3340 641 3408 LXXIII.
665 3340 831 3410 Psittacus.

199 3447 364 3514 Psittacus
389 3471 409 3514 a
430 3449 525 3517 robis
549 3450 689 3516 aliorum
711 3450 845 3516 nomina
868 3450 971 3518 diseo:

244 3534 317 3601 Hoe
340 3535 437 3603 didici
459 3559 518 3623 per
541 3561 593 3606 me
617 3537 722 3604 dicere
746 3553 878 3606 causum
900 3556 1003 3605 aava.
