2596 4034
164 212 229 280 182
492 212 530 270 Μ.
549 213 633 270 VAIs.
650 211 851 268 suasurus
896 217 900 227 '

205 375 283 444 Non
305 375 530 444 Athamanteo
552 377 662 464 polius
686 397 737 442 nra
761 375 860 440 mirer
881 373 917 440 in
939 396 1033 459 auro,

162 481 196 532 20
251 465 402 532 Aeolium
425 466 526 532 dones
550 466 578 532 si
600 465 695 550 mihi,
717 463 850 548 Phrixe,
872 485 979 548 pecus.

206 552 234 620 0
257 558 398 640 quantos
422 555 508 620 risus
531 555 654 640 parlier
677 555 825 640 speetala
847 551 993 618 movebit

128 687 131 693 ι
251 642 333 711 Oum
356 642 507 710 Palatina
529 647 644 710 nosira
666 643 796 709 lacerna
817 643 911 728 boga!
1020 717 1021 720 Ἴ

611 792 730 860 XXIX.

205 889 358 958 Disticha
381 891 437 976 qui
461 889 589 976 scribit,
612 891 800 976 puta-vuli
823 864 986 956 breviiale
1009 891 1147 976 plaeere.

250 978 336 1056 Quid
358 979 492 1066 prodest
515 980 672 1063 brevitas,
696 979 746 1046 dio
769 978 864 1063 mihi,
887 977 917 1044 si
939 979 1023 1044 liber
1047 980 1119 1045 esi?

206 1225 269 1304 Qui
291 1249 377 1294 nunc
400 1224 578 1294 Caesareae
601 1228 692 1294 lusus
716 1231 881 1314 speciatur
903 1227 1058 1312 harenae,

175 1363 180 1368 -
250 1316 466 1402 Temporibus
489 1315 583 1382 Bruti
606 1317 711 1403 gloria
735 1339 862 1382 summa
885 1316 955 1383 fuir.

206 1405 352 1490 Aspicis,
373 1409 411 1470 ul
434 1409 544 1471 teneat
565 1405 714 1472 flammas
737 1427 904 1492 poenaque
927 1405 1055 1472 fruatur

250 1493 360 1560 Fortis
385 1498 418 1560 eb
441 1495 582 1560 ailoniio
605 1499 721 1580 regnet
742 1496 777 1560 in
799 1498 875 1579 igne
899 1497 1026 1561 manuel
1135 1554 1144 1567 ,

179 1581 282 1669 oIpse
304 1583 354 1648 sui
378 1586 543 1668 spectator
566 1584 658 1650 adesi
681 1588 714 1650 ei
735 1585 845 1650 nobile
869 1584 1001 1650 dextrae

249 1669 360 1738 Funus
385 1675 486 1736 amal:
509 1673 590 1737 iobis
613 1674 759 1758 pascitur
781 1673 841 1738 illa
864 1673 978 1758 saeris3

206 1759 299 1838 Quod
321 1759 386 1824 nisi
407 1764 503 1844 rapta
525 1759 611 1827 iareb
632 1761 758 1827 nolenti
780 1783 899 1848 poena,
921 1761 1061 1848 parabat
1083 1807 1085 1810 .
1195 1825 1199 1832 .

250 1846 385 1914 Saevior
408 1849 443 1913 in
465 1849 569 1915 lassos
592 1849 640 1916 ire
663 1851 796 1915 sinislra
818 1848 919 1916 iooos.

190 1934 295 2004 'Scire
318 1937 410 2023 piget
432 1942 509 2022 posi
527 1939 595 2004 iale
618 1939 728 2024 decus,
751 1939 829 2024 quid
852 1939 964 2006 feeerit
987 1945 1076 2006 anie:

162 2043 195 2092 ιο
250 2023 355 2103 Quam
377 2025 458 2112 vidi,
482 2027 563 2094 salis
587 2031 637 2092 esi
658 2025 741 2092 hano
764 2027 845 2092 mihi
867 2050 964 2096 nosse
987 2051 1130 2096 manum.

610 2166 730 2234 XXXI.

203 2263 322 2334 Nescio
347 2265 424 2351 quid
448 2265 487 2331 de
509 2268 542 2331 ie
565 2287 632 2332 non
654 2265 751 2350 belle,
774 2265 897 2346 Dento,
918 2267 1048 2352 faleris,

249 2353 397 2442 Coniuge
420 2355 476 2440 qui
500 2355 596 2420 duola
618 2355 690 2419 iura
713 2360 850 2440 palerna
873 2357 968 2441 pelis.

205 2441 268 2510 Sed
291 2443 357 2509 iam
380 2443 580 2529 supplicibus
604 2441 771 2508 dominum
794 2445 916 2509 lassare
939 2445 1061 2511 libellis
1152 2445 1160 2454 ’

247 2532 370 2598 Desine
394 2537 427 2598 eb
448 2533 483 2596 in
505 2531 648 2617 patriam
671 2554 762 2597 serus
786 2533 827 2598 ab
850 2533 929 2599 urbe
952 2535 1039 2600 redis

177 2620 291 2688 oNam
314 2622 391 2686 dum
414 2624 451 2686 lu
474 2621 572 2704 longo
596 2621 724 2686 deserta
746 2644 845 2687 uxore
869 2623 987 2708 diuque
1157 2621 1159 2624 ⁴

248 2709 328 2776 Tres
352 2710 480 2796 quaeris
503 2713 612 2794 natos,
636 2714 791 2794 quattuor
814 2711 967 2778 invenies.

464 2873 465 2876 ¹
500 2918 502 2922 ,
598 2850 734 2918 XXXII.

203 2945 291 3012 Abra
313 2969 371 3032 per
394 2948 530 3013 troilum
554 2947 687 3032 delapsa
710 2949 861 3016 sedentis
877 2951 911 3016 in
933 2951 1023 3036 ipsos
1110 3018 1114 3024 ,

230 3034 359 3124 ἙΙυκὶὲ
381 3035 552 3101 Araiullae
576 3037 696 3102 blanda
719 3039 871 3104 columba
894 3039 994 3105 sinus.

203 3123 341 3190 Luserat
363 3123 426 3190 hoe
450 3147 557 3210 casus,
580 3126 644 3190 nisi
667 3126 877 3194 inobservata
900 3132 1045 3195 maneret

246 3212 473 3298 Permissaque
497 3213 560 3280 sibi
582 3215 686 3281 nollet
709 3216 799 3282 abire
822 3216 909 3302 fuga.

150 3347 151 3350 ,
177 3299 240 3366 ssi
261 3302 398 3368 meliora
421 3303 494 3386 piae
516 3301 567 3368 Ias
592 3308 642 3368 esi
665 3326 795 3390 sperare
818 3306 922 3373 sorori

247 3389 294 3454 Eli
317 3390 483 3456 dominum
508 3391 619 3456 mundi
642 3392 769 3458 fleolere
792 3401 870 3461 vota
893 3396 1003 3460 valent

204 3475 293 3542 Haeo
317 3500 336 3542 a
360 3477 491 3544 Sardois
514 3481 577 3546 libi
599 3481 739 3546 forsitan
762 3483 865 3548 exulis
889 3483 968 3568 oriS,

248 3563 364 3632 Fratre
386 3589 568 3654 reversuro,
590 3569 704 3635 nuntia
727 3571 817 3636 senil
841 3573 920 3639 avis.

1007 3425 1021 3479 7.
