<?xml version="1.0" encoding="UTF-8"?>
<!DOCTYPE html PUBLIC "-//W3C//DTD XHTML 1.0 Transitional//EN"
    "http://www.w3.org/TR/xhtml1/DTD/xhtml1-transitional.dtd">
<html xmlns="http://www.w3.org/1999/xhtml" xml:lang="en" lang="en">
 <head>
  <title>
</title>
<meta http-equiv="Content-Type" content="text/html;charset=utf-8" />
  <meta name='ocr-system' content='tesseract 3.04.00' />
  <meta name='ocr-capabilities' content='ocr_page ocr_carea ocr_par ocr_line ocrx_word'/>
</head>
<body>
  <div class='ocr_page' id='page_1' title='image "./epigrammatonlib03martgoog_0230.png"; bbox 0 0 2596 4034; ppageno 0'>
   <div class='ocr_carea' id='block_1_1' title="bbox 241 131 1108 258">
    <p class='ocr_par' dir='ltr' id='par_1_1' title="bbox 241 131 1108 258">
     <span class='ocr_line' id='line_1_1' title="bbox 241 131 1108 258; baseline 0.012 -21"><span class='ocrx_word' id='word_1_1' title='bbox 241 131 245 144; x_wconf 89' lang='lat'><strong>·</strong></span> <span class='ocrx_word' id='word_1_2' title='bbox 355 183 655 246; x_wconf 75' lang='lat' dir='ltr'><strong>EPIGRAMMATON</strong></span> <span class='ocrx_word' id='word_1_3' title='bbox 674 185 743 244; x_wconf 76' lang='lat' dir='ltr'>tia.</span> <span class='ocrx_word' id='word_1_4' title='bbox 761 185 834 242; x_wconf 89' lang='lat' dir='ltr'>Vlll.</span> <span class='ocrx_word' id='word_1_5' title='bbox 1045 189 1108 258; x_wconf 84' lang='grc'>189</span> 
     </span>
    </p>
   </div>
   <div class='ocr_carea' id='block_1_2' title="bbox 120 346 1025 526">
    <p class='ocr_par' dir='ltr' id='par_1_2' title="bbox 120 346 1025 526">
     <span class='ocr_line' id='line_1_2' title="bbox 120 346 1025 440; baseline 0.008 -29"><span class='ocrx_word' id='word_1_6' title='bbox 120 346 287 433; x_wconf 83' lang='lat' dir='ltr'>Diligeris</span> <span class='ocrx_word' id='word_1_7' title='bbox 311 348 434 434; x_wconf 91' lang='lat' dir='ltr'>populo</span> <span class='ocrx_word' id='word_1_8' title='bbox 458 369 526 415; x_wconf 92' lang='lat' dir='ltr'>non</span> <span class='ocrx_word' id='word_1_9' title='bbox 549 353 685 436; x_wconf 87' lang='lat' dir='ltr'>propter</span> <span class='ocrx_word' id='word_1_10' title='bbox 706 349 867 436; x_wconf 85' lang='lat' dir='ltr'>praemia,</span> <span class='ocrx_word' id='word_1_11' title='bbox 889 347 1025 440; x_wconf 85' lang='lat' dir='ltr'>Caesar,</span> 
     </span>
     <span class='ocr_line' id='line_1_3' title="bbox 176 435 1004 526; baseline 0.007 -25"><span class='ocrx_word' id='word_1_12' title='bbox 176 435 316 522; x_wconf 78' lang='lat' dir='ltr'>Propter</span> <span class='ocrx_word' id='word_1_13' title='bbox 339 440 372 502; x_wconf 90' lang='lat' dir='ltr'>tc</span> <span class='ocrx_word' id='word_1_14' title='bbox 395 439 537 524; x_wconf 89' lang='lat' dir='ltr'>populus</span> <span class='ocrx_word' id='word_1_15' title='bbox 560 442 721 526; x_wconf 89' lang='lat' dir='ltr'>praemia,</span> <span class='ocrx_word' id='word_1_16' title='bbox 744 437 881 525; x_wconf 85' lang='lat' dir='ltr'>Caesar,</span> <span class='ocrx_word' id='word_1_17' title='bbox 904 446 1004 507; x_wconf 90' lang='lat' dir='ltr'>amat.</span> 
     </span>
    </p>
   </div>
   <div class='ocr_carea' id='block_1_3' title="bbox 566 571 632 640">
    <p class='ocr_par' dir='ltr' id='par_1_3' title="bbox 566 571 632 640">
     <span class='ocr_line' id='line_1_4' title="bbox 566 571 632 640; baseline 0.03 -2"><span class='ocrx_word' id='word_1_18' title='bbox 566 571 632 640; x_wconf 84' lang='lat' dir='ltr'>LV.</span> 
     </span>
    </p>
   </div>
   <div class='ocr_carea' id='block_1_4' title="bbox 71 657 1104 2080">
    <p class='ocr_par' dir='ltr' id='par_1_4' title="bbox 71 657 1104 2080">
     <span class='ocr_line' id='line_1_5' title="bbox 120 657 984 748; baseline 0.007 -24"><span class='ocrx_word' id='word_1_19' title='bbox 120 657 273 726; x_wconf 86' lang='lat' dir='ltr'>Auditur</span> <span class='ocrx_word' id='word_1_20' title='bbox 296 663 457 746; x_wconf 91' lang='lat' dir='ltr'>quantum</span> <span class='ocrx_word' id='word_1_21' title='bbox 479 660 625 748; x_wconf 86' lang='lat' dir='ltr'>Massyla</span> <span class='ocrx_word' id='word_1_22' title='bbox 647 684 705 747; x_wconf 91' lang='lat' dir='ltr'>per</span> <span class='ocrx_word' id='word_1_23' title='bbox 728 663 803 728; x_wconf 88' lang='lat' dir='ltr'>avia</span> <span class='ocrx_word' id='word_1_24' title='bbox 825 685 984 748; x_wconf 88' lang='lat' dir='ltr'>murmur,</span> 
     </span>
     <span class='ocr_line' id='line_1_6' title="bbox 173 747 872 836; baseline 0.006 -23"><span class='ocrx_word' id='word_1_25' title='bbox 173 747 351 816; x_wconf 84' lang='lat' dir='ltr'>Innumero</span> <span class='ocrx_word' id='word_1_26' title='bbox 376 750 529 835; x_wconf 90' lang='lat' dir='ltr'>quotiens</span> <span class='ocrx_word' id='word_1_27' title='bbox 553 751 637 816; x_wconf 79' lang='lat' dir='ltr'>silva</span> <span class='ocrx_word' id='word_1_28' title='bbox 661 751 754 817; x_wconf 91' lang='lat' dir='ltr'>leone</span> <span class='ocrx_word' id='word_1_29' title='bbox 777 751 872 836; x_wconf 88' lang='lat' dir='ltr'>furit,</span> 
     </span>
     <span class='ocr_line' id='line_1_7' title="bbox 119 837 966 926; baseline 0.005 -22"><span class='ocrx_word' id='word_1_30' title='bbox 119 837 279 904; x_wconf 82' lang='lat' dir='ltr'>Pallidus</span> <span class='ocrx_word' id='word_1_31' title='bbox 303 839 464 906; x_wconf 90' lang='lat' dir='ltr'>attonitos</span> <span class='ocrx_word' id='word_1_32' title='bbox 487 839 530 905; x_wconf 88' lang='lat' dir='ltr'>ad</span> <span class='ocrx_word' id='word_1_33' title='bbox 551 839 662 906; x_wconf 88' lang='lat' dir='ltr'>Poena</span> <span class='ocrx_word' id='word_1_34' title='bbox 685 839 829 926; x_wconf 81' lang='lat' dir='ltr'>mapalia</span> <span class='ocrx_word' id='word_1_35' title='bbox 852 843 966 926; x_wconf 89' lang='lat' dir='ltr'>pastor</span> 
     </span>
     <span class='ocr_line' id='line_1_8' title="bbox 174 923 966 1015; baseline 0.004 -23"><span class='ocrx_word' id='word_1_36' title='bbox 174 923 260 992; x_wconf 90' lang='lat' dir='ltr'>Cum</span> <span class='ocrx_word' id='word_1_37' title='bbox 282 932 416 994; x_wconf 86' lang='lat' dir='ltr'>revocat</span> <span class='ocrx_word' id='word_1_38' title='bbox 437 932 550 994; x_wconf 88' lang='lat' dir='ltr'>tauros</span> <span class='ocrx_word' id='word_1_39' title='bbox 575 931 608 994; x_wconf 92' lang='lat' dir='ltr'>et</span> <span class='ocrx_word' id='word_1_40' title='bbox 631 928 701 994; x_wconf 90' lang='lat' dir='ltr'>sine</span> <span class='ocrx_word' id='word_1_41' title='bbox 724 933 833 994; x_wconf 89' lang='lat' dir='ltr'>mente</span> <span class='ocrx_word' id='word_1_42' title='bbox 855 951 966 1015; x_wconf 86' lang='lat' dir='ltr'>pecus:</span> 
     </span>
     <span class='ocr_line' id='line_1_9' title="bbox 88 1015 1045 1086; baseline 0.003 -3"><span class='ocrx_word' id='word_1_43' title='bbox 88 1015 255 1083; x_wconf 88' lang='lat' dir='ltr'>5Tantus</span> <span class='ocrx_word' id='word_1_44' title='bbox 279 1017 313 1081; x_wconf 94' lang='lat' dir='ltr'>in</span> <span class='ocrx_word' id='word_1_45' title='bbox 335 1016 484 1083; x_wconf 83' lang='lat' dir='ltr'>Ausonia</span> <span class='ocrx_word' id='word_1_46' title='bbox 506 1017 641 1082; x_wconf 88' lang='lat' dir='ltr'>fremuit</span> <span class='ocrx_word' id='word_1_47' title='bbox 665 1017 761 1083; x_wconf 90' lang='lat' dir='ltr'>modo</span> <span class='ocrx_word' id='word_1_48' title='bbox 785 1022 892 1084; x_wconf 90' lang='lat' dir='ltr'>terror</span> <span class='ocrx_word' id='word_1_49' title='bbox 913 1017 1045 1086; x_wconf 78' lang='lat' dir='ltr'><strong>harena.</strong></span> 
     </span>
     <span class='ocr_line' id='line_1_10' title="bbox 173 1105 1001 1194; baseline 0.002 -24"><span class='ocrx_word' id='word_1_50' title='bbox 173 1105 255 1182; x_wconf 81' lang='lat' dir='ltr'>Quis</span> <span class='ocrx_word' id='word_1_51' title='bbox 278 1127 345 1172; x_wconf 91' lang='lat' dir='ltr'>non</span> <span class='ocrx_word' id='word_1_52' title='bbox 369 1127 439 1171; x_wconf 89' lang='lat' dir='ltr'>esse</span> <span class='ocrx_word' id='word_1_53' title='bbox 463 1127 598 1193; x_wconf 82' lang='lat' dir='ltr'>gregem</span> <span class='ocrx_word' id='word_1_54' title='bbox 622 1107 788 1173; x_wconf 82' lang='lat' dir='ltr'>crederet?</span> <span class='ocrx_word' id='word_1_55' title='bbox 811 1129 895 1174; x_wconf 90' lang='lat' dir='ltr'>unus</span> <span class='ocrx_word' id='word_1_56' title='bbox 918 1111 1001 1194; x_wconf 86' lang='lat' dir='ltr'>erat,</span> 
     </span>
     <span class='ocr_line' id='line_1_11' title="bbox 120 1192 993 1283; baseline 0.003 -24"><span class='ocrx_word' id='word_1_57' title='bbox 120 1192 193 1259; x_wconf 85' lang='lat' dir='ltr'>Sed</span> <span class='ocrx_word' id='word_1_58' title='bbox 217 1195 307 1259; x_wconf 88' lang='lat' dir='ltr'>cuius</span> <span class='ocrx_word' id='word_1_59' title='bbox 330 1198 510 1261; x_wconf 89' lang='lat' dir='ltr'>tremerent</span> <span class='ocrx_word' id='word_1_60' title='bbox 532 1195 598 1278; x_wconf 89' lang='lat' dir='ltr'>ipsi</span> <span class='ocrx_word' id='word_1_61' title='bbox 621 1217 750 1280; x_wconf 90' lang='lat' dir='ltr'>quoque</span> <span class='ocrx_word' id='word_1_62' title='bbox 772 1196 845 1262; x_wconf 87' lang='lat' dir='ltr'>iura</span> <span class='ocrx_word' id='word_1_63' title='bbox 868 1197 993 1283; x_wconf 89' lang='lat' dir='ltr'>leones,</span> 
     </span>
     <span class='ocr_line' id='line_1_12' title="bbox 172 1282 980 1370; baseline 0.001 -21"><span class='ocrx_word' id='word_1_64' title='bbox 172 1282 235 1350; x_wconf 90' lang='lat' dir='ltr'>Cui</span> <span class='ocrx_word' id='word_1_65' title='bbox 259 1283 409 1349; x_wconf 89' lang='lat' dir='ltr'>diadema</span> <span class='ocrx_word' id='word_1_66' title='bbox 432 1283 527 1349; x_wconf 89' lang='lat' dir='ltr'>daret</span> <span class='ocrx_word' id='word_1_67' title='bbox 550 1305 712 1350; x_wconf 88' lang='lat' dir='ltr'>marmore</span> <span class='ocrx_word' id='word_1_68' title='bbox 734 1286 823 1370; x_wconf 88' lang='lat' dir='ltr'>picta</span> <span class='ocrx_word' id='word_1_69' title='bbox 846 1284 980 1350; x_wconf 89' lang='lat' dir='ltr'>Nomas.</span> 
     </span>
     <span class='ocr_line' id='line_1_13' title="bbox 122 1372 1104 1460; baseline 0.003 -21"><span class='ocrx_word' id='word_1_70' title='bbox 122 1372 154 1439; x_wconf 97' lang='lat' dir='ltr'>O</span> <span class='ocrx_word' id='word_1_71' title='bbox 182 1376 342 1458; x_wconf 86' lang='lat' dir='ltr'>quantum</span> <span class='ocrx_word' id='word_1_72' title='bbox 365 1395 423 1458; x_wconf 87' lang='lat' dir='ltr'>per</span> <span class='ocrx_word' id='word_1_73' title='bbox 446 1373 532 1439; x_wconf 87' lang='lat' dir='ltr'>colla</span> <span class='ocrx_word' id='word_1_74' title='bbox 555 1373 666 1457; x_wconf 84' lang='lat' dir='ltr'>decus,</span> <span class='ocrx_word' id='word_1_75' title='bbox 685 1395 780 1459; x_wconf 90' lang='lat' dir='ltr'>quem</span> <span class='ocrx_word' id='word_1_76' title='bbox 805 1375 927 1460; x_wconf 78' lang='lat' dir='ltr'>sparsit</span> <span class='ocrx_word' id='word_1_77' title='bbox 946 1375 1104 1442; x_wconf 85' lang='lat' dir='ltr'>honorem</span> 
     </span>
     <span class='ocr_line' id='line_1_14' title="bbox 72 1462 952 1547; baseline 0.001 -19"><span class='ocrx_word' id='word_1_78' title='bbox 72 1481 107 1529; x_wconf 84' lang='grc' dir='ltr'>ιο</span> <span class='ocrx_word' id='word_1_79' title='bbox 171 1462 285 1526; x_wconf 83' lang='lat' dir='ltr'>Aurea</span> <span class='ocrx_word' id='word_1_80' title='bbox 306 1463 452 1546; x_wconf 85' lang='lat' dir='ltr'>lunatae,</span> <span class='ocrx_word' id='word_1_81' title='bbox 476 1485 549 1528; x_wconf 91' lang='lat' dir='ltr'>cum</span> <span class='ocrx_word' id='word_1_82' title='bbox 574 1462 680 1547; x_wconf 88' lang='lat' dir='ltr'>stetit,</span> <span class='ocrx_word' id='word_1_83' title='bbox 703 1463 820 1528; x_wconf 90' lang='lat' dir='ltr'>umbra</span> <span class='ocrx_word' id='word_1_84' title='bbox 843 1463 952 1529; x_wconf 84' lang='lat' dir='ltr'>iubae!</span> 
     </span>
     <span class='ocr_line' id='line_1_15' title="bbox 121 1550 979 1638; baseline 0.003 -23"><span class='ocrx_word' id='word_1_85' title='bbox 121 1550 276 1616; x_wconf 85' lang='lat' dir='ltr'>Grandia</span> <span class='ocrx_word' id='word_1_86' title='bbox 298 1573 398 1636; x_wconf 90' lang='lat' dir='ltr'>quam</span> <span class='ocrx_word' id='word_1_87' title='bbox 421 1551 529 1618; x_wconf 86' lang='lat' dir='ltr'>decuit</span> <span class='ocrx_word' id='word_1_88' title='bbox 551 1551 656 1617; x_wconf 87' lang='lat' dir='ltr'>latum</span> <span class='ocrx_word' id='word_1_89' title='bbox 680 1551 843 1617; x_wconf 84' lang='lat' dir='ltr'>venabula</span> <span class='ocrx_word' id='word_1_90' title='bbox 865 1556 979 1638; x_wconf 88' lang='lat' dir='ltr'>pectus</span> 
     </span>
     <span class='ocr_line' id='line_1_16' title="bbox 172 1638 960 1727; baseline 0.005 -23"><span class='ocrx_word' id='word_1_91' title='bbox 172 1638 366 1724; x_wconf 87' lang='lat' dir='ltr'>Quantaque</span> <span class='ocrx_word' id='word_1_92' title='bbox 390 1639 429 1705; x_wconf 92' lang='lat' dir='ltr'>de</span> <span class='ocrx_word' id='word_1_93' title='bbox 452 1661 574 1726; x_wconf 87' lang='lat' dir='ltr'>magna</span> <span class='ocrx_word' id='word_1_94' title='bbox 598 1640 718 1727; x_wconf 89' lang='lat' dir='ltr'>gaudia</span> <span class='ocrx_word' id='word_1_95' title='bbox 741 1643 847 1706; x_wconf 86' lang='lat' dir='ltr'>morte</span> <span class='ocrx_word' id='word_1_96' title='bbox 870 1641 960 1720; x_wconf 85' lang='lat' dir='ltr'>tulit!</span> 
     </span>
     <span class='ocr_line' id='line_1_17' title="bbox 122 1727 928 1814; baseline -0.001 -19"><span class='ocrx_word' id='word_1_97' title='bbox 122 1729 224 1796; x_wconf 90' lang='lat' dir='ltr'>Unde</span> <span class='ocrx_word' id='word_1_98' title='bbox 246 1730 328 1813; x_wconf 87' lang='lat' dir='ltr'>tuis,</span> <span class='ocrx_word' id='word_1_99' title='bbox 351 1728 466 1814; x_wconf 81' lang='lat' dir='ltr'>Libye,</span> <span class='ocrx_word' id='word_1_100' title='bbox 489 1731 559 1794; x_wconf 89' lang='lat' dir='ltr'>tam</span> <span class='ocrx_word' id='word_1_101' title='bbox 582 1727 660 1794; x_wconf 86' lang='lat' dir='ltr'>felix</span> <span class='ocrx_word' id='word_1_102' title='bbox 683 1729 789 1814; x_wconf 88' lang='lat' dir='ltr'>gloria</span> <span class='ocrx_word' id='word_1_103' title='bbox 813 1729 928 1795; x_wconf 80' lang='lat' dir='ltr'>silvis?</span> 
     </span>
     <span class='ocr_line' id='line_1_18' title="bbox 173 1815 907 1905; baseline 0.003 -23"><span class='ocrx_word' id='word_1_104' title='bbox 173 1819 203 1882; x_wconf 83' lang='lat' dir='ltr'>A</span> <span class='ocrx_word' id='word_1_105' title='bbox 227 1815 365 1903; x_wconf 81' lang='lat' dir='ltr'>Cybeles</span> <span class='ocrx_word' id='word_1_106' title='bbox 388 1817 546 1904; x_wconf 89' lang='lat' dir='ltr'>numquid</span> <span class='ocrx_word' id='word_1_107' title='bbox 569 1823 703 1883; x_wconf 86' lang='lat' dir='ltr'>venerat</span> <span class='ocrx_word' id='word_1_108' title='bbox 726 1817 783 1882; x_wconf 90' lang='lat' dir='ltr'>ille</span> <span class='ocrx_word' id='word_1_109' title='bbox 806 1818 907 1905; x_wconf 79' lang='lat' dir='ltr'>iugo?</span> 
     </span>
     <span class='ocr_line' id='line_1_19' title="bbox 71 1905 1036 1993; baseline -0.002 -18"><span class='ocrx_word' id='word_1_110' title='bbox 71 1928 110 1975; x_wconf 83' lang='lat'>15</span> <span class='ocrx_word' id='word_1_111' title='bbox 123 1908 182 1974; x_wconf 80' lang='lat' dir='ltr'>An</span> <span class='ocrx_word' id='word_1_112' title='bbox 205 1907 313 1993; x_wconf 87' lang='lat' dir='ltr'>magis</span> <span class='ocrx_word' id='word_1_113' title='bbox 335 1905 512 1990; x_wconf 88' lang='lat' dir='ltr'>Herculeo,</span> <span class='ocrx_word' id='word_1_114' title='bbox 536 1905 743 1990; x_wconf 86' lang='lat' dir='ltr'>Germanice,</span> <span class='ocrx_word' id='word_1_115' title='bbox 765 1907 857 1972; x_wconf 88' lang='lat' dir='ltr'>misit</span> <span class='ocrx_word' id='word_1_116' title='bbox 880 1907 922 1972; x_wconf 91' lang='lat' dir='ltr'>ab</span> <span class='ocrx_word' id='word_1_117' title='bbox 946 1910 1036 1974; x_wconf 87' lang='lat' dir='ltr'>astro</span> 
     </span>
     <span class='ocr_line' id='line_1_20' title="bbox 172 1994 986 2080; baseline -0.001 -17"><span class='ocrx_word' id='word_1_118' title='bbox 172 1995 266 2063; x_wconf 85' lang='lat' dir='ltr'>Hanc</span> <span class='ocrx_word' id='word_1_119' title='bbox 288 1995 351 2062; x_wconf 87' lang='lat' dir='ltr'>tibi</span> <span class='ocrx_word' id='word_1_120' title='bbox 374 1997 425 2061; x_wconf 85' lang='lat' dir='ltr'>vel</span> <span class='ocrx_word' id='word_1_121' title='bbox 447 1995 551 2061; x_wconf 88' lang='lat' dir='ltr'>frater</span> <span class='ocrx_word' id='word_1_122' title='bbox 574 1996 626 2060; x_wconf 84' lang='lat' dir='ltr'>vel</span> <span class='ocrx_word' id='word_1_123' title='bbox 649 1999 743 2080; x_wconf 88' lang='lat' dir='ltr'>pater</span> <span class='ocrx_word' id='word_1_124' title='bbox 765 1995 836 2080; x_wconf 89' lang='lat' dir='ltr'>ipse</span> <span class='ocrx_word' id='word_1_125' title='bbox 859 1994 986 2062; x_wconf 78' lang='lat' dir='ltr'>feram?</span> 
     </span>
    </p>
   </div>
   <div class='ocr_carea' id='block_1_5' title="bbox 553 2127 638 2195">
    <p class='ocr_par' dir='ltr' id='par_1_5' title="bbox 553 2127 638 2195">
     <span class='ocr_line' id='line_1_21' title="bbox 553 2127 638 2195; baseline 0.035 -3"><span class='ocrx_word' id='word_1_126' title='bbox 553 2127 638 2195; x_wconf 87' lang='lat' dir='ltr'>LVl.</span> 
     </span>
    </p>
   </div>
   <div class='ocr_carea' id='block_1_6' title="bbox 79 2217 1062 3642">
    <p class='ocr_par' dir='ltr' id='par_1_6' title="bbox 79 2217 1062 3642">
     <span class='ocr_line' id='line_1_22' title="bbox 123 2217 978 2304; baseline -0.002 -18"><span class='ocrx_word' id='word_1_127' title='bbox 123 2219 343 2304; x_wconf 81' lang='lat' dir='ltr'>Temporibus</span> <span class='ocrx_word' id='word_1_128' title='bbox 367 2217 489 2284; x_wconf 89' lang='lat' dir='ltr'>nostris</span> <span class='ocrx_word' id='word_1_129' title='bbox 513 2219 605 2282; x_wconf 86' lang='lat' dir='ltr'>aetas</span> <span class='ocrx_word' id='word_1_130' title='bbox 628 2238 702 2283; x_wconf 90' lang='lat' dir='ltr'>eum</span> <span class='ocrx_word' id='word_1_131' title='bbox 725 2217 820 2282; x_wconf 88' lang='lat' dir='ltr'>cedat</span> <span class='ocrx_word' id='word_1_132' title='bbox 841 2239 978 2284; x_wconf 80' lang='lat' dir='ltr'>avorum</span> 
     </span>
     <span class='ocr_line' id='line_1_23' title="bbox 173 2304 929 2394; baseline -0.003 -19"><span class='ocrx_word' id='word_1_133' title='bbox 173 2306 320 2375; x_wconf 75' lang='lat' dir='ltr'>Creverit</span> <span class='ocrx_word' id='word_1_134' title='bbox 342 2311 376 2373; x_wconf 90' lang='lat' dir='ltr'>et</span> <span class='ocrx_word' id='word_1_135' title='bbox 399 2309 504 2374; x_wconf 87' lang='lat' dir='ltr'>maior</span> <span class='ocrx_word' id='word_1_136' title='bbox 527 2328 600 2373; x_wconf 90' lang='lat' dir='ltr'>cum</span> <span class='ocrx_word' id='word_1_137' title='bbox 624 2305 703 2372; x_wconf 91' lang='lat' dir='ltr'>duce</span> <span class='ocrx_word' id='word_1_138' title='bbox 726 2304 833 2372; x_wconf 87' lang='lat' dir='ltr'>Roma</span> <span class='ocrx_word' id='word_1_139' title='bbox 855 2327 929 2394; x_wconf 84' lang='lat' dir='ltr'>suo,</span> 
     </span>
     <span class='ocr_line' id='line_1_24' title="bbox 123 2394 884 2482; baseline -0.005 -18"><span class='ocrx_word' id='word_1_140' title='bbox 123 2398 300 2482; x_wconf 86' lang='lat' dir='ltr'>Ingenium</span> <span class='ocrx_word' id='word_1_141' title='bbox 324 2397 410 2462; x_wconf 90' lang='lat' dir='ltr'>sacri</span> <span class='ocrx_word' id='word_1_142' title='bbox 432 2397 564 2462; x_wconf 89' lang='lat' dir='ltr'>miraris</span> <span class='ocrx_word' id='word_1_143' title='bbox 589 2394 700 2460; x_wconf 83' lang='lat' dir='ltr'>deesse</span> <span class='ocrx_word' id='word_1_144' title='bbox 723 2394 884 2481; x_wconf 87' lang='lat' dir='ltr'>Maronis,</span> 
     </span>
     <span class='ocr_line' id='line_1_25' title="bbox 173 2483 942 2572; baseline 0 -20"><span class='ocrx_word' id='word_1_145' title='bbox 173 2485 204 2552; x_wconf 92' lang='lat' dir='ltr'>N</span> <span class='ocrx_word' id='word_1_146' title='bbox 207 2508 243 2552; x_wconf 88' lang='lat' dir='ltr'>ec</span> <span class='ocrx_word' id='word_1_147' title='bbox 265 2508 462 2572; x_wconf 89' lang='lat' dir='ltr'>quemquam</span> <span class='ocrx_word' id='word_1_148' title='bbox 485 2487 580 2550; x_wconf 90' lang='lat' dir='ltr'>tanta</span> <span class='ocrx_word' id='word_1_149' title='bbox 602 2484 690 2550; x_wconf 90' lang='lat' dir='ltr'>bella</span> <span class='ocrx_word' id='word_1_150' title='bbox 713 2506 829 2550; x_wconf 87' lang='lat' dir='ltr'>sonare</span> <span class='ocrx_word' id='word_1_151' title='bbox 852 2483 942 2552; x_wconf 85' lang='lat' dir='ltr'>tuba</span> 
     </span>
     <span class='ocr_line' id='line_1_26' title="bbox 97 2572 1034 2659; baseline -0.003 -15"><span class='ocrx_word' id='word_1_152' title='bbox 97 2575 202 2644; x_wconf 74' lang='lat' dir='ltr'>sSint</span> <span class='ocrx_word' id='word_1_153' title='bbox 223 2575 443 2655; x_wconf 87' lang='lat' dir='ltr'>Maecenates,</span> <span class='ocrx_word' id='word_1_154' title='bbox 465 2596 533 2643; x_wconf 89' lang='lat' dir='ltr'>non</span> <span class='ocrx_word' id='word_1_155' title='bbox 556 2573 704 2657; x_wconf 80' lang='lat' dir='ltr'>deerrmt,</span> <span class='ocrx_word' id='word_1_156' title='bbox 727 2572 859 2659; x_wconf 83' lang='lat' dir='ltr'>Flacca,</span> <span class='ocrx_word' id='word_1_157' title='bbox 881 2573 1034 2641; x_wconf 88' lang='lat' dir='ltr'>Marones</span> 
     </span>
     <span class='ocr_line' id='line_1_27' title="bbox 171 2661 919 2752; baseline -0.001 -23"><span class='ocrx_word' id='word_1_158' title='bbox 171 2663 421 2752; x_wconf 82' lang='lat' dir='ltr'>Vergiliumque</span> <span class='ocrx_word' id='word_1_159' title='bbox 444 2663 507 2728; x_wconf 89' lang='lat' dir='ltr'>tibi</span> <span class='ocrx_word' id='word_1_160' title='bbox 529 2661 581 2727; x_wconf 88' lang='lat' dir='ltr'>vel</span> <span class='ocrx_word' id='word_1_161' title='bbox 604 2667 663 2727; x_wconf 90' lang='lat' dir='ltr'>tua</span> <span class='ocrx_word' id='word_1_162' title='bbox 685 2683 762 2726; x_wconf 88' lang='lat' dir='ltr'>rura</span> <span class='ocrx_word' id='word_1_163' title='bbox 785 2661 919 2729; x_wconf 88' lang='lat' dir='ltr'>dabunt.</span> 
     </span>
     <span class='ocr_line' id='line_1_28' title="bbox 124 2747 1062 2840; baseline -0.004 -20"><span class='ocrx_word' id='word_1_164' title='bbox 124 2755 164 2821; x_wconf 92' lang='lat' dir='ltr'>Iu</span> <span class='ocrx_word' id='word_1_165' title='bbox 190 2775 246 2819; x_wconf 92' lang='lat' dir='ltr'>era</span> <span class='ocrx_word' id='word_1_166' title='bbox 268 2753 457 2840; x_wconf 82' lang='lat' dir='ltr'>perdiderat</span> <span class='ocrx_word' id='word_1_167' title='bbox 480 2751 618 2816; x_wconf 85' lang='lat' dir='ltr'>miserae</span> <span class='ocrx_word' id='word_1_168' title='bbox 641 2750 749 2816; x_wconf 84' lang='lat' dir='ltr'>vicina</span> <span class='ocrx_word' id='word_1_169' title='bbox 772 2747 952 2818; x_wconf 84' lang='lat' dir='ltr'>Cremonae</span> <span class='ocrx_word' id='word_1_170' title='bbox 1059 2821 1062 2826; x_wconf 66' lang='grc'>,</span> 
     </span>
     <span class='ocr_line' id='line_1_29' title="bbox 167 2775 919 2926; baseline -0.003 -18"><span class='ocrx_word' id='word_1_171' title='bbox 167 2775 289 2909; x_wconf 62' lang='lat' dir='ltr'>illatae</span> <span class='ocrx_word' id='word_1_172' title='bbox 311 2845 345 2907; x_wconf 86' lang='lat' dir='ltr'>et</span> <span class='ocrx_word' id='word_1_173' title='bbox 368 2841 526 2908; x_wconf 89' lang='lat' dir='ltr'>abductas</span> <span class='ocrx_word' id='word_1_174' title='bbox 550 2839 685 2926; x_wconf 83' lang='lat' dir='ltr'>Tityrus</span> <span class='ocrx_word' id='word_1_175' title='bbox 708 2859 805 2924; x_wconf 86' lang='lat' dir='ltr'>aeger</span> <span class='ocrx_word' id='word_1_176' title='bbox 828 2861 919 2906; x_wconf 87' lang='lat' dir='ltr'>oves:</span> 
     </span>
     <span class='ocr_line' id='line_1_30' title="bbox 125 2929 1014 3017; baseline -0.002 -19"><span class='ocrx_word' id='word_1_177' title='bbox 125 2931 214 2998; x_wconf 89' lang='lat' dir='ltr'>Risit</span> <span class='ocrx_word' id='word_1_178' title='bbox 236 2930 361 2998; x_wconf 78' lang='lat' dir='ltr'>Tuscus</span> <span class='ocrx_word' id='word_1_179' title='bbox 385 2952 498 3016; x_wconf 89' lang='lat' dir='ltr'>eques,</span> <span class='ocrx_word' id='word_1_180' title='bbox 520 2931 811 3017; x_wconf 82' lang='lat' dir='ltr'>paupertatemque</span> <span class='ocrx_word' id='word_1_181' title='bbox 835 2929 1014 3016; x_wconf 89' lang='lat' dir='ltr'>malignam</span> 
     </span>
     <span class='ocr_line' id='line_1_31' title="bbox 80 3016 942 3106; baseline -0.007 -16"><span class='ocrx_word' id='word_1_182' title='bbox 80 3039 114 3090; x_wconf 91' lang='lat'>10</span> <span class='ocrx_word' id='word_1_183' title='bbox 169 3021 328 3106; x_wconf 85' lang='lat' dir='ltr'>Reppulit</span> <span class='ocrx_word' id='word_1_184' title='bbox 350 3024 384 3085; x_wconf 92' lang='lat' dir='ltr'>et</span> <span class='ocrx_word' id='word_1_185' title='bbox 407 3020 505 3086; x_wconf 88' lang='lat' dir='ltr'>celeri</span> <span class='ocrx_word' id='word_1_186' title='bbox 527 3019 625 3085; x_wconf 89' lang='lat' dir='ltr'>iussit</span> <span class='ocrx_word' id='word_1_187' title='bbox 648 3018 738 3084; x_wconf 89' lang='lat' dir='ltr'>abire</span> <span class='ocrx_word' id='word_1_188' title='bbox 761 3016 850 3102; x_wconf 82' lang='lat' dir='ltr'>fuga</span> <span class='ocrx_word' id='word_1_189' title='bbox 885 3083 887 3088; x_wconf 82' lang='grc'><em>,</em></span> <span class='ocrx_word' id='word_1_190' title='bbox 936 3073 942 3084; x_wconf 88' lang='grc'><strong>.</strong></span> 
     </span>
     <span class='ocr_line' id='line_1_32' title="bbox 123 3107 904 3198; baseline -0.004 -22"><span class='ocrx_word' id='word_1_191' title='bbox 123 3110 264 3198; x_wconf 79' lang='lat' dir='ltr'>„Accipe</span> <span class='ocrx_word' id='word_1_192' title='bbox 287 3109 420 3176; x_wconf 83' lang='lat' dir='ltr'>divitias</span> <span class='ocrx_word' id='word_1_193' title='bbox 444 3113 479 3176; x_wconf 93' lang='lat' dir='ltr'>et</span> <span class='ocrx_word' id='word_1_194' title='bbox 502 3117 612 3174; x_wconf 87' lang='lat' dir='ltr'>vatum</span> <span class='ocrx_word' id='word_1_195' title='bbox 636 3107 796 3174; x_wconf 87' lang='lat' dir='ltr'>maximus</span> <span class='ocrx_word' id='word_1_196' title='bbox 819 3109 904 3191; x_wconf 84' lang='lat' dir='ltr'>est03</span> 
     </span>
     <span class='ocr_line' id='line_1_33' title="bbox 169 3194 978 3282; baseline -0.004 -18"><span class='ocrx_word' id='word_1_197' title='bbox 169 3199 219 3264; x_wconf 75' lang='lat' dir='ltr'>&#39;l&#39;u</span> <span class='ocrx_word' id='word_1_198' title='bbox 242 3199 320 3265; x_wconf 92' lang='lat' dir='ltr'>licet</span> <span class='ocrx_word' id='word_1_199' title='bbox 343 3203 377 3264; x_wconf 90' lang='lat' dir='ltr'>et</span> <span class='ocrx_word' id='word_1_200' title='bbox 398 3196 569 3265; x_wconf 89' lang='lat' dir='ltr'>nostrum“</span> <span class='ocrx_word' id='word_1_201' title='bbox 592 3197 675 3262; x_wconf 83' lang='lat' dir='ltr'>dixit</span> <span class='ocrx_word' id='word_1_202' title='bbox 697 3194 836 3282; x_wconf 83' lang='lat' dir='ltr'>„Alexin</span> <span class='ocrx_word' id='word_1_203' title='bbox 860 3195 978 3261; x_wconf 87' lang='lat' dir='ltr'>ames.“</span> 
     </span>
     <span class='ocr_line' id='line_1_34' title="bbox 122 3283 900 3372; baseline -0.006 -17"><span class='ocrx_word' id='word_1_204' title='bbox 122 3288 277 3367; x_wconf 85' lang='lat' dir='ltr'>Astabat</span> <span class='ocrx_word' id='word_1_205' title='bbox 290 3288 415 3354; x_wconf 90' lang='lat' dir='ltr'>domini</span> <span class='ocrx_word' id='word_1_206' title='bbox 438 3287 558 3353; x_wconf 89' lang='lat' dir='ltr'>mensis</span> <span class='ocrx_word' id='word_1_207' title='bbox 581 3287 820 3372; x_wconf 86' lang='lat' dir='ltr'>pulcherrimus</span> <span class='ocrx_word' id='word_1_208' title='bbox 842 3283 900 3350; x_wconf 87' lang='lat' dir='ltr'>illc</span> 
     </span>
     <span class='ocr_line' id='line_1_35' title="bbox 164 3375 934 3463; baseline -0.008 -19"><span class='ocrx_word' id='word_1_209' title='bbox 164 3377 355 3445; x_wconf 67' lang='lat' dir='ltr'>‘Marmorea</span> <span class='ocrx_word' id='word_1_210' title='bbox 375 3376 515 3442; x_wconf 84' lang='lat' dir='ltr'>fundens</span> <span class='ocrx_word' id='word_1_211' title='bbox 538 3376 636 3463; x_wconf 87' lang='lat' dir='ltr'>nigra</span> <span class='ocrx_word' id='word_1_212' title='bbox 658 3375 799 3441; x_wconf 85' lang='lat' dir='ltr'>Falerna</span> <span class='ocrx_word' id='word_1_213' title='bbox 820 3395 934 3457; x_wconf 90' lang='lat' dir='ltr'>manu,</span> 
     </span>
     <span class='ocr_line' id='line_1_36' title="bbox 79 3461 880 3546; baseline -0.015 -9"><span class='ocrx_word' id='word_1_214' title='bbox 79 3467 171 3538; x_wconf 74' lang='lat' dir='ltr'>15Et</span> <span class='ocrx_word' id='word_1_215' title='bbox 193 3466 299 3532; x_wconf 89' lang='lat' dir='ltr'>libata</span> <span class='ocrx_word' id='word_1_216' title='bbox 323 3465 424 3532; x_wconf 89' lang='lat' dir='ltr'>dabat</span> <span class='ocrx_word' id='word_1_217' title='bbox 446 3465 549 3532; x_wconf 88' lang='lat' dir='ltr'>roseis</span> <span class='ocrx_word' id='word_1_218' title='bbox 574 3464 740 3532; x_wconf 87' lang='lat' dir='ltr'>carchesia</span> <span class='ocrx_word' id='word_1_219' title='bbox 762 3461 880 3546; x_wconf 83' lang='lat' dir='ltr'>labris,</span> 
     </span>
     <span class='ocr_line' id='line_1_37' title="bbox 166 3550 914 3642; baseline -0.011 -20"><span class='ocrx_word' id='word_1_220' title='bbox 166 3553 257 3634; x_wconf 83' lang='lat' dir='ltr'>Quae</span> <span class='ocrx_word' id='word_1_221' title='bbox 280 3559 435 3642; x_wconf 82' lang='lat' dir='ltr'>poterant</span> <span class='ocrx_word' id='word_1_222' title='bbox 458 3557 568 3642; x_wconf 87' lang='lat' dir='ltr'>ipsum</span> <span class='ocrx_word' id='word_1_223' title='bbox 591 3554 769 3620; x_wconf 83' lang='lat' dir='ltr'>sollicitare</span> <span class='ocrx_word' id='word_1_224' title='bbox 791 3550 914 3617; x_wconf 80' lang='lat' dir='ltr'>Iovem.</span> 
     </span>
    </p>
   </div>
   <div class='ocr_carea' id='block_1_7' title="bbox 0 0 1302 4034">
    <p class='ocr_par' dir='ltr' id='par_1_7' title="bbox 0 0 1302 4034">
     <span class='ocr_line' id='line_1_38' title="bbox 0 0 1302 4034; baseline 0 0"><span class='ocrx_word' id='word_1_225' title='bbox 0 0 1302 4034; x_wconf 95' lang='lat' dir='ltr'> </span> 
     </span>
    </p>
   </div>
  </div>
 </body>
</html>
