2596 4032
367 219 668 292 nrisnnnnnnon
686 233 753 291 ma.
773 233 846 290 xiv.
1049 235 1114 306 329

544 397 669 466 Corvus.

139 493 245 562 Corve
271 495 449 582 salutator,
473 517 572 582 quare
595 495 728 562 fellator
750 494 905 562 haberis?

182 584 223 650 In
246 589 345 671 caput
368 587 507 651 intravit
529 585 676 651 mentula
697 585 789 650 nulla
812 588 914 652 tuum.

448 724 578 794 LXXV.
600 725 762 793 Iarscinio.

140 821 213 888 Flet
234 822 422 890 Philomela
443 823 535 890 nefas
558 824 675 890 incesti
697 824 831 910 Torone,
854 828 887 892 et
911 846 994 911 qnae

183 911 277 978 Muta
299 913 512 1000 puellarium,
536 914 669 1002 garrula
692 914 794 979 fertur
817 914 896 980 avis.

563 1055 596 1121 P
595 1055 653 1120 icat

139 1151 219 1218 Pica
242 1152 363 1239 loquax
385 1156 477 1218 certa
500 1151 667 1219 dominum
690 1156 724 1218 te
746 1173 825 1220 voce
848 1151 969 1219 saluto:

186 1239 221 1306 Si
244 1263 297 1308 me
320 1263 388 1308 non
410 1241 628 1326 videassesse
650 1241 787 1328 negabis
811 1263 914 1308 avem.

382 1379 545 1448 LXXVII.
570 1382 671 1450 anea
692 1383 833 1450 eburnea.

142 1478 179 1546 si
202 1479 265 1545 tibi
287 1480 366 1545 talis
391 1479 466 1564 erit,
490 1481 619 1565 qualem
642 1479 762 1546 dilecta
784 1477 917 1547 Catullo

188 1568 309 1636 Lesbia
330 1568 498 1654 plorabat,
521 1569 575 1636 hic
597 1569 747 1636 habitare
769 1572 888 1654 potest

502 1709 718 1777 Narthecium.

139 1815 234 1882 Artis
259 1815 340 1882 ebur
364 1816 508 1882 medicae
530 1816 702 1881 narthecia
724 1814 842 1881 cernis:
865 1814 1003 1882 habebis

186 1904 338 1991 Munera,
361 1927 444 1990 quae
467 1908 602 1991 cuperet
624 1904 758 1972 Paccius
782 1925 853 1971 esse
876 1925 944 1971 sua.

457 2043 602 2112 LXXIX
625 2045 762 2131 Flagra.
824 2055 861 2136 ἰζ

139 2153 260 2222 Ludite
283 2151 411 2237 lascivi,
436 2152 491 2217 sed
516 2155 646 2217 tantum
669 2151 784 2234 ludite,
807 2149 905 2216 aerei:

187 2242 279 2309 Haeo
302 2243 434 2330 signata
456 2240 538 2307 m'ihi
562 2241 704 2326 quinque
728 2240 841 2306 diebus
864 2242 968 2305 erunt.

452 2431 466 2446 ,.
504 2380 682 2448 :Forulos

139 2489 274 2557 Invisae
296 2489 435 2556 nimium
459 2489 570 2576 pueris
594 2491 772 2574 grataeque
795 2485 977 2573 magistris,
1113 2505 1115 2510 ·
1151 2505 1152 2508 ’

189 2577 287 2646 Clara
308 2578 507 2646 Prometheo
531 2597 664 2642 manere
688 2577 781 2661 ligna
804 2597 923 2642 sumus.

481 2717 627 2788 LXXXI.
652 2717 746 2785 Pero.

144 2827 197 2894 Ne
221 2827 371 2894 mendica
393 2827 481 2893 ferat
503 2825 636 2892 barbati
659 2822 796 2911 prandia
818 2819 897 2888 nudi

189 2917 343 2984 Dormiat
366 2921 399 2982 et
422 2915 512 2982 tristi
536 2937 610 2981 cum
633 2935 727 3000 cane,
749 2933 829 2999 pera
847 2913 954 2999 rogat.

548 3054 674 3139 Scopae.

142 3165 184 3232 In
207 3164 314 3250 pretio
339 3185 455 3250 scopas
478 3165 625 3228 testatur·
643 3162 754 3246 palma
775 3160 886 3228 fnisse.

190 3253 267 3320 Otia
290 3252 348 3319 sed
371 3251 479 3336 scopis
503 3272 589 3354 nunc
612 3249 761 3316 analecta
785 3248 889 3315 dedit*

400 3389 581 3459 LXXXIII.
603 3390 821 3474 Scotrtorinm.
850 3410 888 3466 aas«

142 3501 306 3569 Defendet
328 3522 444 3567 manus
468 3500 550 3566 haec
574 3499 725 3585 scapulas
749 3495 916 3563 mordente
941 3497 1079 3564 molesto

187 3591 313 3678 Polme,
334 3591 388 3656 -vel
413 3589 440 3654 si
464 3589 543 3675 quid
564 3589 673 3676 pulice
697 3586 867 3654 sordidius.
