2596 4032
361 237 659 295 EPIGRAMMATON
677 239 744 296 LIB.
764 239 823 298 XII
1040 241 1105 308 299

83 422 120 469 10
131 403 252 470 Scribit
275 404 435 488 carmina,
459 425 541 488 quae
566 405 681 492 legunt
703 405 877 470 secantes·
956 385 959 392 ¹

130 493 235 560 Frons
259 493 394 560 hauet
364 455 522 580 stigmate
545 515 612 559 nou
636 515 709 560 meo
732 493 875 559 notanda
898 495 957 559 est.

546 607 648 674 LXII.

131 697 211 763 Ant·
187 698 271 784 tiqui
295 719 351 763 rex
376 718 493 800 magne
515 699 585 801 poli
611 697 786 783 mundique
809 670 950 784 prioris,i

178 785 246 854 Sub
270 808 334 873 quo
357 786 416 888 pig
418 809 454 852 ra
477 789 568 874 quies
592 810 650 854 neo
673 787 767 852 labor
790 787 877 852 ullus
901 789 985 866 erat,

130 875 201 942 Neo
223 876 334 962 regale
356 875 455 941 nimis
478 875 603 942 fulmen
625 899 685 942 nec
708 876 844 942 fulmine
867 875 970 962 digni,

177 962 285 1030 Scissa
306 985 365 1029 nec
389 964 430 1029 ad
452 963 580 1050 Manes,
604 965 660 1030 sed
683 965 747 1030 sibi
771 965 859 1030 dives
882 965 1015 1032 humus:

103 1053 253 1120 eLaetus
277 1053 317 1118 ad
340 1052 422 1119 haec
444 1052 614 1140 facilisque
638 1053 711 1119 veni
734 1051 906 1121 sollemnia
928 1053 1032 1119 Prisci

177 1141 316 1207 Gaudia:
340 1163 414 1207 cum
438 1143 539 1208 sacris
562 1147 595 1208 te
620 1143 712 1208 decet
734 1164 804 1208 esse
828 1142 902 1208 tuis.

130 1231 180 1296 Tu
202 1231 352 1296 reducem
376 1231 502 1314 patriae
527 1235 630 1315 sexta,
653 1235 746 1316 pater
770 1231 903 1316 optime,
927 1231 1043 1297 bruma

174 1319 309 1386 Pacifici
332 1317 428 1384 Latia
450 1320 556 1386 reddis
581 1321 622 1385 ab
646 1320 726 1384 urbe
748 1317 885 1386 Numae.

130 1407 260 1493 Cernis,
282 1412 321 1474 ut
343 1409 491 1474 Ausonio
515 1409 632 1474 similis
657 1409 719 1472 tibi
741 1429 864 1494 pompa
886 1409 1022 1475 macello

83 1517 118 1564 10
174 1497 323 1572 ,Pendeat
346 1502 379 1563 et
403 1502 544 1583 quantus
567 1497 749 1562 luxurietur
770 1496 898 1564 honos?

130 1588 238 1664 Quam
252 1609 317 1653 non
332 1609 430 1672 parca
439 1609 554 1651 manus
564 1587 741 1672 largaeque
750 1586 948 1652 nomismata
958 1607 1103 1670 mensae,

177 1675 281 1754 Quae,
307 1673 461 1759 Saturne,
484 1675 545 1740 tibi
568 1679 838 1762 pernumerentur
861 1676 962 1760 opes?

129 1765 241 1850 thue
266 1766 309 1830 sit
332 1765 384 1830 his
408 1785 465 1848 pre
467 1765 548 1828 tium
572 1765 755 1830 meritiset
740 1766 853 1850 ttgro
839 1766 886 1828 tia
909 1764 1026 1850 maior,

176 1855 221 1919 Et
244 1857 339 1938 pater
362 1856 395 1918 e
381 1851 503 1938 tg‘fru
472 1874 506 1916 σι
529 1853 577 1918 sic
599 1855 657 1918 tua
681 1873 773 1918 sacra
797 1854 883 1919 colit.

81 1962 116 2010 15
102 1914 236 2008 Alta
260 1944 375 2008 sancte
395 1947 509 2006 -tuo
529 1940 576 2007 sic
595 1963 723 2027 semper
742 1939 1043 2008 amereDecembri
1063 1977 1100 1988 -

176 2031 246 2098 Hos
269 2031 320 2096 illi
342 2029 455 2095 iubeas
479 2051 576 2116 saepe
599 2031 705 2095 redire
728 2030 804 2096 dies.

125 2155 131 2186 ’
376 2196 378 2200 ⁴
537 2143 655 2210 LXIII.

129 2236 239 2303 Uncto
263 2233 417 2302 Corduba
439 2233 557 2299 laetior
580 2232 738 2318 Venafro,

129 2324 248 2391 Histra
270 2345 330 2389 nec
354 2324 461 2388 minus
485 2323 636 2388 absoluta
658 2326 757 2403 testa,

127 2414 210 2479 Albi
233 2435 315 2498 quae
339 2434 473 2498 superas
496 2433 573 2478 oves
598 2409 729 2476 Galaesi

129 2501 232 2568 Nullo
257 2501 379 2567 murice
402 2523 461 2566 uec
483 2522 597 2566 cruore
621 2500 773 2584 mendax,

99 2591 233 2660 sSedt
218 2590 331 2657 tinctis
355 2590 527 2742 gregibusb
535 2589 642 2655 colore
665 2590 753 2654 vivo·

129 2680 194 2748 Dic
217 2685 340 2833 vestro,
364 2700 460 2780 rogo,
484 2679 527 2742 sit
550 2677 655 2762 pudor
677 2683 754 2760 poet
756 2699 807 2763 ae,

129 2769 201 2836 Nec
225 2771 300 2856 grat
302 2769 344 2834 is·
352 2769 434 2833 recit
421 2771 469 2833 tet
491 2788 582 2832 meos
605 2765 746 2832 libellos.

18 2921 22 2928 .
129 2857 337 2942 Ferrem,s1
352 2857 474 2922 faceret
496 2855 602 2920 bonus
624 2858 735 2939 poeta,
809 2911 810 2914 ,

120 2946 193 3014 Cui
214 2967 346 3032 possem
370 2946 446 3011 dare
470 2950 600 3010 mutuos
623 2905 763 3010 dolords.

81 3057 119 3106 10
130 3034 320 3120 Corrumpi
344 3033 451 3100 sinet
436 3033 559 3100 talione
582 3031 724 3117 caelebs,
796 3034 798 3038 ’

129 3124 253 3193 Caecus
276 3120 410 3208 perdere
432 3144 500 3190 non
523 3125 634 3210 potest
657 3121 744 3206 quod
766 3121 885 3188 aufert.

129 3213 188 3280 Nil
211 3216 262 3280 est
285 3212 340 3277 det
325 3211 428 3278 terius
452 3213 580 3278 latrone
602 3210 703 3275 nudo:

128 3303 187 3369 Nil
210 3302 354 3368 securius
378 3303 429 3366 est
452 3302 540 3368 molo
564 3303 671 3385 poeta
698 3337 700 3342 .

538 3423 653 3491 LXIV.

127 3515 323 3582 Vincentem
346 3536 460 3582 roseos
483 3516 630 3600 facieque
654 3534 810 3596 comaque
834 3510 1004 3577 ministros

174 3603 279 3674 Cinna
303 3626 416 3671 cocum
439 3605 525 3671 fecit.
563 3603 667 3672 Cinna
690 3602 824 3687 gulosus
848 3601 947 3690 homo
971 3603 1030 3666 est.
