2610 4048
188 233 231 302 18
380 289 383 292 .
516 229 556 288 rr
575 229 658 286 vnn.
676 227 878 286 nennius
986 201 989 212 ’

554 392 754 460 ·ΧΧΧ1.

230 504 302 572 Hos
324 503 401 590 tibi,
423 501 568 584 Phoebe,
590 505 688 568 vovet
709 504 800 568 totos
823 523 843 568 o
866 502 987 569 vertice
1010 503 1113 570 crines

268 592 457 678 ¹Encolpos,
480 589 603 657 domini
627 589 827 656 centurionis
852 612 958 675 emor,

231 681 336 750 Grets
357 681 486 748 Pudens
509 679 618 746 meriti
641 678 757 745 tulerit
779 701 853 745 cum
876 680 1022 766 praemio
1044 680 1112 768 pili.

276 769 381 846 Quem
404 771 547 856 primum
570 769 702 854 longas,
723 765 870 853 Phoebe,
893 769 999 834 recide
1023 790 1164 852 comes,.

205 859 319 928 cDum
340 858 433 924 nulle
455 857 559 924 teneri
582 857 716 924 sordent
738 857 893 944 lanugine
916 858 1028 924 vultus

275 947 425 1032 Dumque
449 947 564 1012 decent
586 945 808 1012 fusne‘iectee
832 946 918 1012 colle
939 947 1049 1030 iubae;

231 1033 340 1121 thue
363 1036 429 1100 tuis
452 1035 589 1122 longum
613 1033 826 1120 dominusque
848 1055 992 1120 puerque
1016 1035 1168 1102 fruentur

275 1123 480 1211 Muneribus,
503 1129 635 1190 tonsum
658 1124 710 1190 iac
733 1123 813 1208 cito,
837 1143 909 1189 sero
931 1124 1046 1190 virum.

623 1263 760 1331 XXXII.

166 1350 170 1356 ¹
231 1371 307 1440 Non
330 1393 404 1438 emo
427 1375 474 1456 te,
497 1369 624 1454 Sabidi,
647 1393 707 1437 uec
729 1393 863 1456 possum
887 1371 992 1438 dicere
1016 1393 1129 1458 quere:

271 1460 348 1528 Hoc
369 1464 500 1526 tentum
523 1481 658 1546 possum
678 1437 802 1543 dicere,
823 1481 891 1526 non
914 1481 989 1526 emo
1011 1465 1053 1527 te

616 1615 770 1686 XXXIH.

137 1785 141 1794 .
226 1725 398 1793 Amissum
420 1746 488 1792 non
510 1725 567 1791 flet
589 1747 664 1791 cum
688 1725 759 1791 sole
782 1727 832 1790 est
856 1724 963 1790 Gellio
985 1731 1124 1812 petrem,

275 1814 309 1880 si
333 1814 406 1899 quis
430 1814 535 1898 adest,
558 1815 667 1880 iussae
689 1813 865 1900 prosiliunt
887 1815 1050 1882 lacrimae.

229 1901 306 1970 Non
328 1903 421 1988 luget
444 1903 590 1988 quisquis
614 1901 754 1985 laudeni,
778 1901 897 1986 Gellia,
922 1904 1056 1986 quaerit,

272 1989 337 2057 Ille
361 1989 451 2056 dolet
474 2013 562 2076 vere,
586 1991 642 2078 qni
665 1989 734 2056 sine
757 1993 842 2056 teste
866 1990 963 2057 dolet.

614 2145 767 2215 XXXIV.

228 2255 443 2323 incustoditis
466 2259 499 2322 et
522 2256 658 2340 apertis,
680 2255 814 2339 Lesbio,
837 2278 965 2343 semper

274 2345 456 2410 Liminibus
480 2366 594 2429 peccas
617 2348 757 2410 nectua
780 2346 868 2410 furta
890 2346 991 2431 tegis,

229 2433 275 2500 Et
297 2433 371 2518 plus
396 2437 561 2518 spectator
584 2456 683 2518 quem
706 2437 739 2498 te
762 2433 902 2498 delectet
925 2433 1052 2498 adulter

274 2521 345 2587 Nec
368 2525 444 2586 sunt
467 2526 562 2608 grata
585 2522 647 2586 tibi
670 2521 789 2608 gaudie
812 2523 841 2587 si
865 2544 929 2608 que
951 2524 1065 2589 latent.

204 2610 278 2676 snt
298 2609 454 2674 meretrix
478 2610 581 2695 abigit
604 2615 723 2675 testem
746 2609 883 2695 veloque
907 2633 1041 2695 seraque

274 2697 426 2784 Raraque
450 2696 638 2764 Summoeni
660 2699 784 2764 fornice
807 2703 892 2766 rime
914 2703 1014 2784 petet.

229 2786 261 2852 A
286 2785 409 2852 Chione
433 2787 550 2852 saltem
573 2788 624 2852 vel
648 2788 690 2853 ab
713 2786 789 2853 Inde
813 2788 899 2854 disce
923 2788 1091 2873 pudorem:

274 2875 491 2940 Abscondunt
514 2897 647 2961 spurces
672 2880 705 2942 et
728 2881 940 2942 monumenta
962 2877 1065 2961 lupos.

230 2962 398 3048 Numquid
421 2964 502 3029 dure
524 2965 585 3029 tibi
607 2965 746 3030 nimium
769 2987 906 3032 censura
928 2964 1077 3031 videtur?

187 3069 220 3118 10
273 3051 441 3138 Deprendi
463 3057 538 3119 veto
561 3057 609 3138 tc,
632 3053 765 3138 Lesbia,
787 3077 854 3120 non
876 3054 970 3119 futui.

626 3213 759 3281 XXXV.

229 3317 353 3384 Versus
378 3319 519 3386 scribere
542 3343 594 3386 me
617 3345 734 3406 perum
758 3344 886 3388 severos

228 3407 299 3474 Nec
322 3431 403 3495 quos
427 3410 596 3496 praelegat
619 3413 653 3475 in
677 3411 790 3476 schole
814 3410 985 3498 magister,

229 3493 375 3583 Corneli,
398 3498 555 3584 quereris:
580 3499 633 3563 sed
658 3500 694 3564 hi
717 3499 835 3582 libelli,

229 3583 399 3671 Tanquam
423 3585 616 3672 coniugibus
641 3589 707 3652 suis
733 3588 855 3672 meriti,
