2528 4038
135 195 201 264 156
437 155 443 170 ’
463 193 503 252 u.
520 193 604 250 vnn.
623 131 825 250 sisnurnrs

178 357 305 425 Infanti
328 357 492 424 melimela
515 357 593 424 dato
615 355 789 442 fatuasque
812 355 982 422 mariscas:
1061 323 1068 332 ²

223 445 312 514 Nam
329 446 430 534 mihi,
453 469 536 534 quae
558 445 651 512 novit
673 441 937 566 pungere„Chia
960 443 1055 528 sapit

180 676 406 764 Apollinarem
430 677 566 743 conveni
588 697 710 760 meum,
733 671 868 759 Scazon3

179 765 225 832 Et
248 766 276 832 si
298 765 492 830 vacabit-
509 787 551 832 ue
574 763 732 830 molestus
756 763 891 830 accedas
912 799 963 847 -,

179 852 252 920 Hoc
275 853 511 941 qualecunque,
534 855 624 920 cuius
648 851 758 940 aliqua
780 873 857 937 pars
880 851 951 938 ipse
974 855 1038 938 est,

181 941 299 1010 Dabis:
321 941 384 1008 hae
407 941 531 1008 facetae
555 963 685 1009 carmen
707 941 860 1007 imbuant
882 961 987 1026 aures.

152 1029 217 1098 ssi
239 1035 273 1098 te
295 1035 463 1118 receptum
484 1029 593 1098 fronte
615 1030 735 1097 videris
757 1035 843 1116 tota,

181 1119 271 1187 Noto
294 1120 430 1206 rogabis
452 1124 490 1185 ut
512 1120 623 1186 favore
646 1122 817 1186 sustentet.

181 1208 313 1286 Quanto
335 1231 495 1294 mearum,
518 1209 596 1294 scis,
618 1229 728 1274 amore
750 1228 912 1295 nugarum

181 1297 330 1384 Flagret:
353 1319 414 1364 nec
436 1297 506 1384 ipse
528 1298 602 1384 plus
626 1319 736 1364 amare
759 1301 792 1363 te
814 1318 958 1382 possum.

180 1383 306 1453 Contra
327 1386 491 1474 malignos
514 1387 636 1452 esseni
659 1387 749 1454 voles
771 1388 880 1468 tutus,

140 1489 172 1541 ιο
183 1473 408 1561 Apollinarem
431 1475 568 1542 conveni
591 1497 714 1560 meum,
737 1473 869 1540 Scazon

574 1615 710 1684 XXVII.

181 1711 306 1780 Tuscae
329 1713 457 1802 glandis
480 1736 558 1801 aper
580 1713 756 1801 populator
778 1716 812 1778 et
834 1712 907 1780 ilice
931 1713 1035 1779 multa

226 1799 300 1867 Iam
321 1801 428 1890 piger,
450 1802 587 1869 Aetolae
608 1802 697 1868 fama
720 1801 861 1869 secunda
883 1800 985 1886 ferae,

182 1888 286 1968 Quem
309 1913 401 1957 meus
424 1891 560 1957 intravit
583 1891 770 1978 splendenti
793 1891 926 1976 cuspide
948 1890 1086 1977 Dexter,

225 1977 352 2046 Praeda
373 1980 459 2046 iacet
480 1981 603 2046 nostris
626 1979 788 2045 invidiosa
809 1978 905 2046 focis:
1099 2009 1115 2060 t

155 2065 405 2152 ePinguescant
427 2069 557 2134 madido
580 2069 658 2135 laeti
680 2069 796 2134 nidore
819 2072 955 2154 penates

226 2154 361 2243 Flagret
384 2161 417 2222 et
440 2158 547 2224 exciso
569 2156 655 2224 festa
678 2156 787 2224 culina
807 2157 896 2243 iugo.

183 2242 246 2312 Sed
268 2266 364 2312 cocus
385 2245 551 2332 ingentem
574 2245 695 2332 piperis
718 2250 888 2318 consumet
911 2266 1063 2312 acervum

226 2332 335 2400 Addet
357 2337 390 2400 et
412 2355 531 2400 arcano
555 2335 660 2400 mixta
681 2331 821 2399 Falerna
843 2355 938 2421 garo:
986 2395 998 2423 Ι
1027 2408 1033 2416 ⁸

183 2421 236 2487 Ad
258 2421 425 2488 dominum
448 2421 574 2507 redeas,
596 2427 709 2490 noster
731 2427 765 2488 te
786 2443 853 2488 non
876 2422 965 2508 capit
987 2423 1089 2508 ignis,

140 2528 173 2578 10
228 2509 453 2577 Conturbator
476 2533 566 2598 aper:
589 2512 687 2578 vilius
711 2511 827 2578 esurio.

564 2651 719 2720 XXVIII.

183 2747 236 2816 Sic
259 2749 450 2815 Tiburtinae
474 2754 598 2816 crescat
620 2751 683 2816 tibi
706 2751 791 2817 silva
813 2750 938 2818 Dianae

226 2836 273 2904 llt
295 2842 449 2924 properet
472 2859 601 2905 caesum
625 2861 721 2925 saepe
744 2839 848 2906 redire
871 2861 999 2924 nemus,

182 2925 252 2993 Nec
275 2926 471 2994 Tartesiacis
493 2925 604 3005 Pallas
626 2933 697 3014 tua,
719 2927 835 3013 Fusce,
858 2929 996 3015 trapetis

228 3012 330 3082 Cedat
353 3019 386 3082 et
408 3016 573 3082 immodici
597 3017 674 3088 dent
697 3018 783 3094 bona
806 3021 915 3083 musta
938 3019 1041 3102 lacus3

158 3101 240 3170 sSic
262 3103 336 3170 fora
358 3105 529 3190 mirentur,
553 3106 599 3170 sic
621 3110 655 3171 te
677 3106 802 3192 palatia
824 3106 971 3190 laudent,

227 3191 368 3292 Excolat
389 3197 423 3258 et
445 3193 592 3280 geminas
615 3194 758 3281 plurima
780 3196 891 3281 palma
913 3195 1014 3260 fores:

183 3279 260 3347 Otia
282 3280 358 3347 dum
382 3283 506 3348 medius
529 3287 677 3369 praestat
699 3284 763 3349 tibi
785 3306 886 3370 parva
907 3283 1103 3370 December,

227 3367 347 3456 Exige,
371 3371 428 3436 sed
451 3376 552 3451 certa,
576 3394 657 3457 quos
681 3372 776 3460 legis,
800 3395 877 3439 aure
900 3373 997 3440 iocos.

183 3453 292 3540 „Scire
315 3458 397 3523 libet
420 3459 555 3524 verum?
577 3482 629 3525 res
653 3464 704 3526 est
727 3461 807 3528 haee
831 3461 960 3528 ardua.“
996 3459 1058 3528 Sed
1081 3466 1127 3530 tu

142 3557 174 3607 ιο
229 3543 322 3621 Quod
344 3545 405 3612 tibi
427 3546 477 3612 vis
501 3547 579 3633 dici,
602 3548 720 3634 dicere,
742 3549 857 3636 Fusco,
879 3555 983 3638 potes.

1143 1792 1150 1828 l
