<?xml version="1.0" encoding="UTF-8"?>
<!DOCTYPE html PUBLIC "-//W3C//DTD XHTML 1.0 Transitional//EN"
    "http://www.w3.org/TR/xhtml1/DTD/xhtml1-transitional.dtd">
<html xmlns="http://www.w3.org/1999/xhtml" xml:lang="en" lang="en">
 <head>
  <title>
</title>
<meta http-equiv="Content-Type" content="text/html;charset=utf-8" />
  <meta name='ocr-system' content='tesseract 3.04.00' />
  <meta name='ocr-capabilities' content='ocr_page ocr_carea ocr_par ocr_line ocrx_word'/>
</head>
<body>
  <div class='ocr_page' id='page_1' title='image "./epigrammatonlib03martgoog_0075.png"; bbox 0 0 2610 4048; ppageno 0'>
   <div class='ocr_carea' id='block_1_1' title="bbox 184 197 879 266">
    <p class='ocr_par' dir='ltr' id='par_1_1' title="bbox 184 197 879 266">
     <span class='ocr_line' id='line_1_1' title="bbox 184 197 879 266; baseline 0 -10"><span class='ocrx_word' id='word_1_1' title='bbox 184 199 237 266; x_wconf 67' lang='grc'><strong>’84</strong></span> <span class='ocrx_word' id='word_1_2' title='bbox 520 199 559 256; x_wconf 75' lang='grc' dir='ltr'><strong>ιι</strong></span> <span class='ocrx_word' id='word_1_3' title='bbox 577 197 660 258; x_wconf 77' lang='lat' dir='ltr'>VAL.</span> <span class='ocrx_word' id='word_1_4' title='bbox 679 197 879 256; x_wconf 77' lang='lat' dir='ltr'><strong>Msuursms</strong></span> 
     </span>
    </p>
   </div>
   <div class='ocr_carea' id='block_1_2' title="bbox 235 360 1167 716">
    <p class='ocr_par' dir='ltr' id='par_1_2' title="bbox 236 360 913 450">
     <span class='ocr_line' id='line_1_2' title="bbox 236 360 913 450; baseline -0.003 -20"><span class='ocrx_word' id='word_1_5' title='bbox 236 360 313 430; x_wconf 87' lang='lat' dir='ltr'><strong>Una</strong></span> <span class='ocrx_word' id='word_1_6' title='bbox 334 363 497 430; x_wconf 75' lang='lat' dir='ltr'><strong>lavamur.</strong></span> <span class='ocrx_word' id='word_1_7' title='bbox 521 362 640 450; x_wconf 87' lang='lat' dir='ltr'><strong>aspicit</strong></span> <span class='ocrx_word' id='word_1_8' title='bbox 661 361 745 428; x_wconf 88' lang='lat' dir='ltr'><strong>nihil</strong></span> <span class='ocrx_word' id='word_1_9' title='bbox 769 385 913 448; x_wconf 86' lang='lat' dir='ltr'><strong>sursum,</strong></span> 
     </span>
    </p>

    <p class='ocr_par' dir='ltr' id='par_1_3' title="bbox 235 449 1167 716">
     <span class='ocr_line' id='line_1_3' title="bbox 238 449 1073 539; baseline -0.001 -21"><span class='ocrx_word' id='word_1_10' title='bbox 238 449 302 518; x_wconf 84' lang='lat' dir='ltr'><strong>Sed</strong></span> <span class='ocrx_word' id='word_1_11' title='bbox 325 474 363 539; x_wconf 90' lang='lat' dir='ltr'><strong>sp</strong></span> <span class='ocrx_word' id='word_1_12' title='bbox 366 475 401 518; x_wconf 88' lang='lat' dir='ltr'><strong>cc</strong></span> <span class='ocrx_word' id='word_1_13' title='bbox 402 455 453 518; x_wconf 86' lang='lat' dir='ltr'><strong>tat</strong></span> <span class='ocrx_word' id='word_1_14' title='bbox 402 452 577 518; x_wconf 91' lang='lat' dir='ltr'><strong>tocnlis</strong></span> <span class='ocrx_word' id='word_1_15' title='bbox 602 449 759 518; x_wconf 83' lang='lat' dir='ltr'><strong>devorant</strong></span> <span class='ocrx_word' id='word_1_16' title='bbox 760 451 833 518; x_wconf 88' lang='lat' dir='ltr'><strong>ibus</strong></span> <span class='ocrx_word' id='word_1_17' title='bbox 857 451 994 518; x_wconf 81' lang='lat' dir='ltr'><strong>draucos</strong></span> <span class='ocrx_word' id='word_1_18' title='bbox 1072 493 1073 496; x_wconf 59' lang='lat'><em>=</em></span> 
     </span>
     <span class='ocr_line' id='line_1_4' title="bbox 235 538 1062 610; baseline 0.005 -4"><span class='ocrx_word' id='word_1_19' title='bbox 235 538 306 608; x_wconf 87' lang='lat' dir='ltr'><strong>Nec</strong></span> <span class='ocrx_word' id='word_1_20' title='bbox 329 542 444 608; x_wconf 89' lang='lat' dir='ltr'><strong>otiosis</strong></span> <span class='ocrx_word' id='word_1_21' title='bbox 467 543 558 606; x_wconf 89' lang='lat' dir='ltr'><strong>ment</strong></span> <span class='ocrx_word' id='word_1_22' title='bbox 543 539 631 606; x_wconf 83' lang='lat' dir='ltr'><strong>tulus</strong></span> <span class='ocrx_word' id='word_1_23' title='bbox 654 539 742 606; x_wconf 81' lang='lat' dir='ltr'><strong>uidet</strong></span> <span class='ocrx_word' id='word_1_24' title='bbox 765 540 895 606; x_wconf 85' lang='lat' dir='ltr'><strong>labris.</strong></span> <span class='ocrx_word' id='word_1_25' title='bbox 1059 603 1062 610; x_wconf 87' lang='lat'><em>.</em></span> 
     </span>
     <span class='ocr_line' id='line_1_5' title="bbox 238 627 1167 716; baseline -0.002 -20"><span class='ocrx_word' id='word_1_26' title='bbox 238 627 374 707; x_wconf 79' lang='lat' dir='ltr'><strong>Quaeris</strong></span> <span class='ocrx_word' id='word_1_27' title='bbox 398 629 471 716; x_wconf 90' lang='lat' dir='ltr'><strong>quis</strong></span> <span class='ocrx_word' id='word_1_28' title='bbox 494 628 549 696; x_wconf 84' lang='lat' dir='ltr'><strong>hic</strong></span> <span class='ocrx_word' id='word_1_29' title='bbox 573 627 640 694; x_wconf 83' lang='lat' dir='ltr'><strong>sit?</strong></span> <span class='ocrx_word' id='word_1_30' title='bbox 675 628 809 698; x_wconf 75' lang='lat' dir='ltr'><strong>Excidit</strong></span> <span class='ocrx_word' id='word_1_31' title='bbox 831 627 913 695; x_wconf 89' lang='lat' dir='ltr'><strong>mihi</strong></span> <span class='ocrx_word' id='word_1_32' title='bbox 935 651 1064 695; x_wconf 88' lang='lat' dir='ltr'><strong>nomen.</strong></span> <span class='ocrx_word' id='word_1_33' title='bbox 1162 691 1167 706; x_wconf 65' lang='grc'><strong>,</strong></span> 
     </span>
    </p>
   </div>
   <div class='ocr_carea' id='block_1_3' title="bbox 632 757 784 828">
    <p class='ocr_par' dir='ltr' id='par_1_4' title="bbox 632 757 784 828">
     <span class='ocr_line' id='line_1_6' title="bbox 632 757 784 828; baseline -0.008 0"><span class='ocrx_word' id='word_1_34' title='bbox 632 757 784 828; x_wconf 84' lang='lat' dir='ltr'>XOVII.</span> 
     </span>
    </p>
   </div>
   <div class='ocr_carea' id='block_1_4' title="bbox 172 856 1212 1222">
    <p class='ocr_par' dir='ltr' id='par_1_5' title="bbox 172 856 1212 1212">
     <span class='ocr_line' id='line_1_7' title="bbox 172 856 1212 946; baseline -0.002 -20"><span class='ocrx_word' id='word_1_35' title='bbox 172 938 173 941; x_wconf 8' lang='grc' dir='ltr'><strong>Ἴ</strong></span> <span class='ocrx_word' id='word_1_36' title='bbox 238 857 320 926; x_wconf 83' lang='lat' dir='ltr'><strong>Oum</strong></span> <span class='ocrx_word' id='word_1_37' title='bbox 335 859 479 928; x_wconf 84' lang='lat' dir='ltr'><strong>clamant</strong></span> <span class='ocrx_word' id='word_1_38' title='bbox 494 881 605 926; x_wconf 91' lang='lat' dir='ltr'><strong>omnes</strong></span> <span class='ocrx_word' id='word_1_39' title='bbox 610 859 776 946; x_wconf 90' lang='lat' dir='ltr'><strong>,loqueris</strong></span> <span class='ocrx_word' id='word_1_40' title='bbox 790 856 1052 945; x_wconf 81' lang='lat' dir='ltr'><strong>tunc,Naevole‚</strong></span> <span class='ocrx_word' id='word_1_41' title='bbox 1065 861 1212 945; x_wconf 87' lang='lat' dir='ltr'><strong>tantum,</strong></span> 
     </span>
     <span class='ocr_line' id='line_1_8' title="bbox 281 941 986 1052; baseline -0.001 -38"><span class='ocrx_word' id='word_1_42' title='bbox 281 953 323 1014; x_wconf 80' lang='lat' dir='ltr'><strong>nt</strong></span> <span class='ocrx_word' id='word_1_43' title='bbox 345 953 379 1014; x_wconf 88' lang='lat' dir='ltr'><strong>te</strong></span> <span class='ocrx_word' id='word_1_44' title='bbox 401 941 577 1052; x_wconf 84' lang='lat' dir='ltr'><strong>patronum</strong></span> <span class='ocrx_word' id='word_1_45' title='bbox 600 947 861 1036; x_wconf 80' lang='lat' dir='ltr'><strong>causidicumque</strong></span> <span class='ocrx_word' id='word_1_46' title='bbox 880 952 986 1034; x_wconf 86' lang='lat' dir='ltr'><strong>putas.</strong></span> 
     </span>
     <span class='ocr_line' id='line_1_9' title="bbox 231 1029 1065 1123; baseline -0.001 -20"><span class='ocrx_word' id='word_1_47' title='bbox 231 1035 310 1103; x_wconf 73' lang='lat' dir='ltr'><strong>&#39;Hac</strong></span> <span class='ocrx_word' id='word_1_48' title='bbox 332 1029 458 1103; x_wconf 76' lang='lat' dir='ltr'><strong>ratione</strong></span> <span class='ocrx_word' id='word_1_49' title='bbox 481 1042 541 1123; x_wconf 91' lang='lat' dir='ltr'><strong>pot</strong></span> <span class='ocrx_word' id='word_1_50' title='bbox 526 1041 592 1103; x_wconf 92' lang='lat' dir='ltr'><strong>test</strong></span> <span class='ocrx_word' id='word_1_51' title='bbox 613 1059 711 1104; x_wconf 88' lang='lat' dir='ltr'><strong>nemo</strong></span> <span class='ocrx_word' id='word_1_52' title='bbox 732 1059 798 1104; x_wconf 92' lang='lat' dir='ltr'><strong>non</strong></span> <span class='ocrx_word' id='word_1_53' title='bbox 823 1059 894 1103; x_wconf 87' lang='lat' dir='ltr'><strong>essa</strong></span> <span class='ocrx_word' id='word_1_54' title='bbox 917 1036 1065 1102; x_wconf 83' lang='lat' dir='ltr'><strong>disertus.</strong></span> 
     </span>
     <span class='ocr_line' id='line_1_10' title="bbox 281 1125 1074 1222; baseline 0.003 -31"><span class='ocrx_word' id='word_1_55' title='bbox 281 1125 379 1210; x_wconf 80' lang='lat' dir='ltr'><strong>Ecce,</strong></span> <span class='ocrx_word' id='word_1_56' title='bbox 402 1129 512 1220; x_wconf 89' lang='lat' dir='ltr'><strong>tacent</strong></span> <span class='ocrx_word' id='word_1_57' title='bbox 535 1147 662 1193; x_wconf 85' lang='lat' dir='ltr'><strong>omncs:</strong></span> <span class='ocrx_word' id='word_1_58' title='bbox 684 1125 845 1212; x_wconf 82' lang='lat' dir='ltr'><strong>Naavole,</strong></span> <span class='ocrx_word' id='word_1_59' title='bbox 868 1125 919 1191; x_wconf 92' lang='lat' dir='ltr'><strong>dic</strong></span> <span class='ocrx_word' id='word_1_60' title='bbox 942 1125 1074 1222; x_wconf 87' lang='lat' dir='ltr'><strong>aliquid.</strong></span> 
     </span>
    </p>
   </div>
   <div class='ocr_carea' id='block_1_5' title="bbox 624 1265 775 1334">
    <p class='ocr_par' dir='ltr' id='par_1_6' title="bbox 624 1265 775 1334">
     <span class='ocr_line' id='line_1_11' title="bbox 624 1265 775 1334; baseline 0.007 -1"><span class='ocrx_word' id='word_1_61' title='bbox 624 1265 775 1334; x_wconf 83' lang='lat' dir='ltr'><strong>xovffl.</strong></span> 
     </span>
    </p>
   </div>
   <div class='ocr_carea' id='block_1_6' title="bbox 237 1371 1301 1552">
    <p class='ocr_par' dir='ltr' id='par_1_7' title="bbox 237 1371 1301 1552">
     <span class='ocr_line' id='line_1_12' title="bbox 237 1371 1100 1460; baseline 0 -20"><span class='ocrx_word' id='word_1_62' title='bbox 237 1372 363 1459; x_wconf 83' lang='lat' dir='ltr'><strong>Litigat</strong></span> <span class='ocrx_word' id='word_1_63' title='bbox 385 1378 419 1440; x_wconf 90' lang='lat' dir='ltr'><strong>ct</strong></span> <span class='ocrx_word' id='word_1_64' title='bbox 440 1373 588 1460; x_wconf 81' lang='lat' dir='ltr'><strong>podagra</strong></span> <span class='ocrx_word' id='word_1_65' title='bbox 610 1372 788 1458; x_wconf 84' lang='lat' dir='ltr'><strong>Diodorus,</strong></span> <span class='ocrx_word' id='word_1_66' title='bbox 810 1371 939 1459; x_wconf 78' lang='lat' dir='ltr'><strong>Flacca,</strong></span> <span class='ocrx_word' id='word_1_67' title='bbox 961 1373 1100 1444; x_wconf 80' lang='lat' dir='ltr'><strong>laborat</strong></span> 
     </span>
     <span class='ocr_line' id='line_1_13' title="bbox 284 1455 1301 1552; baseline 0 -24"><span class='ocrx_word' id='word_1_68' title='bbox 284 1459 347 1528; x_wconf 86' lang='lat' dir='ltr'><strong>Sed</strong></span> <span class='ocrx_word' id='word_1_69' title='bbox 369 1462 417 1528; x_wconf 92' lang='lat' dir='ltr'><strong>nil</strong></span> <span class='ocrx_word' id='word_1_70' title='bbox 440 1467 580 1549; x_wconf 88' lang='lat' dir='ltr'><strong>patrono</strong></span> <span class='ocrx_word' id='word_1_71' title='bbox 604 1463 758 1550; x_wconf 85' lang='lat' dir='ltr'><strong>porrigit:</strong></span> <span class='ocrx_word' id='word_1_72' title='bbox 781 1461 862 1528; x_wconf 88' lang='lat' dir='ltr'><strong>haec</strong></span> <span class='ocrx_word' id='word_1_73' title='bbox 885 1463 1044 1552; x_wconf 78' lang='lat' dir='ltr'><strong>cheragra</strong></span> <span class='ocrx_word' id='word_1_74' title='bbox 1066 1468 1125 1529; x_wconf 78' lang='lat' dir='ltr'><strong>est.</strong></span> <span class='ocrx_word' id='word_1_75' title='bbox 1300 1455 1301 1528; x_wconf 78' lang='grc' dir='ltr'><strong>ι</strong></span> 
     </span>
    </p>
   </div>
   <div class='ocr_carea' id='block_1_7' title="bbox 643 1601 765 1671">
    <p class='ocr_par' dir='ltr' id='par_1_8' title="bbox 643 1601 765 1671">
     <span class='ocr_line' id='line_1_14' title="bbox 643 1601 765 1671; baseline 0 -1"><span class='ocrx_word' id='word_1_76' title='bbox 643 1601 765 1671; x_wconf 72' lang='lat' dir='ltr'>XCIX</span> 
     </span>
    </p>
   </div>
   <div class='ocr_carea' id='block_1_8' title="bbox 98 1708 1301 3644">
    <p class='ocr_par' dir='ltr' id='par_1_9' title="bbox 128 1708 1301 1974">
     <span class='ocr_line' id='line_1_15' title="bbox 128 1708 1151 1795; baseline 0.006 -19"><span class='ocrx_word' id='word_1_77' title='bbox 128 1719 129 1722; x_wconf 75' lang='grc'>’</span> <span class='ocrx_word' id='word_1_78' title='bbox 236 1708 316 1776; x_wconf 84' lang='grc' dir='ltr'>Νοιι</span> <span class='ocrx_word' id='word_1_79' title='bbox 338 1709 471 1795; x_wconf 87' lang='lat' dir='ltr'><strong>plenum</strong></span> <span class='ocrx_word' id='word_1_80' title='bbox 495 1709 592 1777; x_wconf 90' lang='lat' dir='ltr'><strong>modo</strong></span> <span class='ocrx_word' id='word_1_81' title='bbox 615 1711 714 1777; x_wconf 86' lang='lat' dir='ltr'><strong>vicies</strong></span> <span class='ocrx_word' id='word_1_82' title='bbox 738 1710 897 1790; x_wconf 86' lang='lat' dir='ltr'><strong>habebas,</strong></span> <span class='ocrx_word' id='word_1_83' title='bbox 1147 1776 1151 1782; x_wconf 87' lang='lat'><em>.</em></span> 
     </span>
     <span class='ocr_line' id='line_1_16' title="bbox 239 1797 1301 1886; baseline -0.001 -21"><span class='ocrx_word' id='word_1_84' title='bbox 239 1797 341 1865; x_wconf 85' lang='lat' dir='ltr'><strong>Sedt</strong></span> <span class='ocrx_word' id='word_1_85' title='bbox 326 1802 395 1865; x_wconf 86' lang='lat' dir='ltr'><strong>tam</strong></span> <span class='ocrx_word' id='word_1_86' title='bbox 418 1799 631 1886; x_wconf 84' lang='lat' dir='ltr'><strong>prodigusat</strong></span> <span class='ocrx_word' id='word_1_87' title='bbox 654 1821 694 1865; x_wconf 90' lang='lat' dir='ltr'><strong>uc</strong></span> <span class='ocrx_word' id='word_1_88' title='bbox 716 1799 864 1865; x_wconf 81' lang='lat' dir='ltr'><strong>liberalis</strong></span> <span class='ocrx_word' id='word_1_89' title='bbox 1174 1835 1181 1871; x_wconf 70' lang='grc' dir='ltr'><strong>ι</strong></span> <span class='ocrx_word' id='word_1_90' title='bbox 1213 1839 1214 1842; x_wconf 60' lang='lat'><em>=</em></span> <span class='ocrx_word' id='word_1_91' title='bbox 1300 1869 1301 1884; x_wconf 12' lang='grc' dir='ltr'>χ</span> 
     </span>
     <span class='ocr_line' id='line_1_17' title="bbox 237 1887 1301 1974; baseline -0.001 -20"><span class='ocrx_word' id='word_1_92' title='bbox 237 1888 321 1954; x_wconf 83' lang='grc' dir='ltr'><strong>Ειι</strong></span> <span class='ocrx_word' id='word_1_93' title='bbox 306 1892 376 1954; x_wconf 89' lang='lat' dir='ltr'><strong>tam</strong></span> <span class='ocrx_word' id='word_1_94' title='bbox 397 1887 508 1954; x_wconf 88' lang='lat' dir='ltr'><strong>lautos</strong></span> <span class='ocrx_word' id='word_1_95' title='bbox 532 1909 619 1973; x_wconf 86' lang='lat' dir='ltr'><strong>cras,</strong></span> <span class='ocrx_word' id='word_1_96' title='bbox 669 1889 775 1974; x_wconf 87' lang='lat' dir='ltr'><strong>alenc,</strong></span> <span class='ocrx_word' id='word_1_97' title='bbox 796 1892 834 1954; x_wconf 89' lang='grc' dir='ltr'><strong>ιιι</strong></span> <span class='ocrx_word' id='word_1_98' title='bbox 858 1909 970 1955; x_wconf 88' lang='lat' dir='ltr'><strong>omnes</strong></span> <span class='ocrx_word' id='word_1_99' title='bbox 1176 1889 1178 1894; x_wconf 77' lang='grc'>’</span> <span class='ocrx_word' id='word_1_100' title='bbox 1300 1891 1301 1898; x_wconf 77' lang='grc'>’</span> 
     </span>
    </p>

    <p class='ocr_par' dir='ltr' id='par_1_10' title="bbox 98 1973 1147 2327">
     <span class='ocr_line' id='line_1_18' title="bbox 98 1973 1052 2062; baseline 0 -20"><span class='ocrx_word' id='word_1_101' title='bbox 98 2011 99 2014; x_wconf 79' lang='lat'>¹</span> <span class='ocrx_word' id='word_1_102' title='bbox 238 1973 435 2062; x_wconf 85' lang='lat' dir='ltr'><strong>Optarentt</strong></span> <span class='ocrx_word' id='word_1_103' title='bbox 420 1976 482 2042; x_wconf 91' lang='lat' dir='ltr'><strong>tibi</strong></span> <span class='ocrx_word' id='word_1_104' title='bbox 505 1977 627 2042; x_wconf 79' lang='lat' dir='ltr'><strong>centies</strong></span> <span class='ocrx_word' id='word_1_105' title='bbox 651 1975 756 2044; x_wconf 87' lang='lat' dir='ltr'><strong>amici.</strong></span> <span class='ocrx_word' id='word_1_106' title='bbox 1051 2046 1052 2050; x_wconf 50' lang='lat'>,</span> 
     </span>
     <span class='ocr_line' id='line_1_19' title="bbox 211 2051 1147 2218; baseline -0.001 -87"><span class='ocrx_word' id='word_1_107' title='bbox 211 2063 418 2131; x_wconf 79' lang='lat' dir='ltr'><strong>cAuditt</strong></span> <span class='ocrx_word' id='word_1_108' title='bbox 363 2069 440 2130; x_wconf 83' lang='lat' dir='ltr'><strong>vota</strong></span> <span class='ocrx_word' id='word_1_109' title='bbox 463 2064 540 2130; x_wconf 89' lang='lat' dir='ltr'><strong>deus</strong></span> <span class='ocrx_word' id='word_1_110' title='bbox 563 2087 748 2218; x_wconf 87' lang='lat' dir='ltr'><strong>precesque</strong></span> <span class='ocrx_word' id='word_1_111' title='bbox 760 2067 927 2132; x_wconf 89' lang='lat' dir='ltr'><strong>nostras</strong></span> <span class='ocrx_word' id='word_1_112' title='bbox 1134 2051 1147 2104; x_wconf 56' lang='grc' dir='ltr'><strong>ι</strong></span> 
     </span>
     <span class='ocr_line' id='line_1_20' title="bbox 238 2152 955 2238; baseline -0.003 -18"><span class='ocrx_word' id='word_1_113' title='bbox 238 2153 381 2238; x_wconf 82' lang='lat' dir='ltr'><strong>Atque&#39;</strong></span> <span class='ocrx_word' id='word_1_114' title='bbox 371 2157 420 2218; x_wconf 83' lang='lat' dir='ltr'><strong>rnt</strong></span> <span class='ocrx_word' id='word_1_115' title='bbox 420 2175 472 2238; x_wconf 84' lang='lat' dir='ltr'><strong>ra,</strong></span> <span class='ocrx_word' id='word_1_116' title='bbox 493 2156 588 2238; x_wconf 87' lang='lat' dir='ltr'><strong>puto,</strong></span> <span class='ocrx_word' id='word_1_117' title='bbox 611 2157 683 2238; x_wconf 86' lang='lat' dir='ltr'><strong>sept</strong></span> <span class='ocrx_word' id='word_1_118' title='bbox 685 2156 767 2220; x_wconf 87' lang='lat' dir='ltr'><strong>imas</strong></span> <span class='ocrx_word' id='word_1_119' title='bbox 790 2152 955 2219; x_wconf 87' lang='lat' dir='ltr'><strong>Kalendas</strong></span> 
     </span>
     <span class='ocr_line' id='line_1_21' title="bbox 236 2241 898 2327; baseline 0 -19"><span class='ocrx_word' id='word_1_120' title='bbox 236 2241 362 2308; x_wconf 87' lang='lat' dir='ltr'><strong>Mortes</strong></span> <span class='ocrx_word' id='word_1_121' title='bbox 384 2241 447 2308; x_wconf 90' lang='lat' dir='ltr'><strong>hoo</strong></span> <span class='ocrx_word' id='word_1_122' title='bbox 469 2241 531 2306; x_wconf 91' lang='lat' dir='ltr'><strong>tibi</strong></span> <span class='ocrx_word' id='word_1_123' title='bbox 555 2245 709 2327; x_wconf 85' lang='lat' dir='ltr'><strong>quattuor</strong></span> <span class='ocrx_word' id='word_1_124' title='bbox 732 2241 898 2308; x_wconf 82' lang='lat' dir='ltr'><strong>dederunt.</strong></span> 
     </span>
    </p>

    <p class='ocr_par' dir='ltr' id='par_1_11' title="bbox 237 2329 1040 2504">
     <span class='ocr_line' id='line_1_22' title="bbox 237 2329 1040 2416; baseline -0.001 -20"><span class='ocrx_word' id='word_1_125' title='bbox 237 2329 285 2396; x_wconf 88' lang='lat' dir='ltr'><strong>At</strong></span> <span class='ocrx_word' id='word_1_126' title='bbox 307 2334 345 2396; x_wconf 92' lang='grc' dir='ltr'><strong>ιιι</strong></span> <span class='ocrx_word' id='word_1_127' title='bbox 368 2329 414 2396; x_wconf 88' lang='lat' dir='ltr'><strong>sic</strong></span> <span class='ocrx_word' id='word_1_128' title='bbox 438 2330 532 2416; x_wconf 87' lang='lat' dir='ltr'><strong>quasi</strong></span> <span class='ocrx_word' id='word_1_129' title='bbox 553 2352 621 2396; x_wconf 92' lang='lat' dir='ltr'><strong>non</strong></span> <span class='ocrx_word' id='word_1_130' title='bbox 640 2329 727 2396; x_wconf 85' lang='lat' dir='ltr'><strong>foret</strong></span> <span class='ocrx_word' id='word_1_131' title='bbox 749 2331 842 2396; x_wconf 83' lang='lat' dir='ltr'><strong>rolict</strong></span> <span class='ocrx_word' id='word_1_132' title='bbox 827 2335 912 2416; x_wconf 87' lang='lat' dir='ltr'><strong>tum,</strong></span> <span class='ocrx_word' id='word_1_133' title='bbox 1039 2361 1040 2364; x_wconf 79' lang='lat'>¹</span> 
     </span>
     <span class='ocr_line' id='line_1_23' title="bbox 239 2418 825 2504; baseline -0.005 -17"><span class='ocrx_word' id='word_1_134' title='bbox 239 2418 303 2487; x_wconf 87' lang='lat' dir='ltr'><strong>Sed</strong></span> <span class='ocrx_word' id='word_1_135' title='bbox 326 2422 457 2504; x_wconf 86' lang='lat' dir='ltr'><strong>raptum</strong></span> <span class='ocrx_word' id='word_1_136' title='bbox 480 2418 544 2484; x_wconf 91' lang='lat' dir='ltr'><strong>tibi</strong></span> <span class='ocrx_word' id='word_1_137' title='bbox 566 2423 640 2485; x_wconf 88' lang='lat' dir='ltr'><strong>cent</strong></span> <span class='ocrx_word' id='word_1_138' title='bbox 641 2420 703 2504; x_wconf 75' lang='grc' dir='ltr'>ιιι,</span> <span class='ocrx_word' id='word_1_139' title='bbox 725 2419 825 2485; x_wconf 87' lang='lat' dir='ltr'><strong>abisti</strong></span> 
     </span>
    </p>

    <p class='ocr_par' dir='ltr' id='par_1_12' title="bbox 194 2507 892 2860">
     <span class='ocr_line' id='line_1_24' title="bbox 194 2507 821 2609; baseline -0.003 -35"><span class='ocrx_word' id='word_1_140' title='bbox 194 2507 313 2575; x_wconf 87' lang='lat' dir='ltr'><strong>101nt</strong></span> <span class='ocrx_word' id='word_1_141' title='bbox 298 2511 372 2573; x_wconf 83' lang='lat' dir='ltr'><strong>tant</strong></span> <span class='ocrx_word' id='word_1_142' title='bbox 374 2531 427 2573; x_wconf 89' lang='lat' dir='ltr'><strong>am</strong></span> <span class='ocrx_word' id='word_1_143' title='bbox 449 2508 548 2572; x_wconf 87' lang='lat' dir='ltr'><strong>miser</strong></span> <span class='ocrx_word' id='word_1_144' title='bbox 572 2507 821 2609; x_wconf 77' lang='lat' dir='ltr'><strong>esuritionem,</strong></span> 
     </span>
     <span class='ocr_line' id='line_1_25' title="bbox 236 2595 730 2682; baseline -0.002 -19"><span class='ocrx_word' id='word_1_145' title='bbox 236 2596 284 2664; x_wconf 89' lang='lat' dir='ltr'><strong>Ut</strong></span> <span class='ocrx_word' id='word_1_146' title='bbox 306 2595 455 2663; x_wconf 78' lang='lat' dir='ltr'><strong>convivia</strong></span> <span class='ocrx_word' id='word_1_147' title='bbox 477 2597 730 2682; x_wconf 83' lang='lat' dir='ltr'><strong>sumptuosiora,</strong></span> 
     </span>
     <span class='ocr_line' id='line_1_26' title="bbox 237 2685 892 2770; baseline 0.002 -20"><span class='ocrx_word' id='word_1_148' title='bbox 237 2685 321 2751; x_wconf 84' lang='lat' dir='ltr'><strong>Toto</strong></span> <span class='ocrx_word' id='word_1_149' title='bbox 345 2707 426 2770; x_wconf 86' lang='lat' dir='ltr'><strong>quae</strong></span> <span class='ocrx_word' id='word_1_150' title='bbox 450 2685 550 2750; x_wconf 89' lang='lat' dir='ltr'><strong>semel</strong></span> <span class='ocrx_word' id='word_1_151' title='bbox 573 2707 712 2770; x_wconf 85' lang='lat' dir='ltr'><strong>apparas</strong></span> <span class='ocrx_word' id='word_1_152' title='bbox 735 2685 771 2750; x_wconf 88' lang='lat' dir='ltr'><strong>in</strong></span> <span class='ocrx_word' id='word_1_153' title='bbox 794 2707 892 2770; x_wconf 82' lang='lat' dir='ltr'><strong>anno,</strong></span> 
     </span>
     <span class='ocr_line' id='line_1_27' title="bbox 236 2771 884 2860; baseline 0 -21"><span class='ocrx_word' id='word_1_154' title='bbox 236 2771 360 2860; x_wconf 83' lang='lat' dir='ltr'><strong>Nigrae</strong></span> <span class='ocrx_word' id='word_1_155' title='bbox 384 2773 534 2839; x_wconf 90' lang='lat' dir='ltr'><strong>sordibus</strong></span> <span class='ocrx_word' id='word_1_156' title='bbox 557 2773 696 2859; x_wconf 86' lang='lat' dir='ltr'><strong>explices</strong></span> <span class='ocrx_word' id='word_1_157' title='bbox 721 2777 884 2859; x_wconf 86' lang='lat' dir='ltr'><strong>monetae,</strong></span> 
     </span>
    </p>

    <p class='ocr_par' dir='ltr' id='par_1_13' title="bbox 117 2862 887 2950">
     <span class='ocr_line' id='line_1_28' title="bbox 117 2862 887 2950; baseline -0.008 -22"><span class='ocrx_word' id='word_1_158' title='bbox 117 2947 118 2950; x_wconf 8' lang='grc' dir='ltr'><strong>Ἴ</strong></span> <span class='ocrx_word' id='word_1_159' title='bbox 236 2862 282 2928; x_wconf 76' lang='lat' dir='ltr'><strong>lu</strong></span> <span class='ocrx_word' id='word_1_160' title='bbox 305 2868 430 2948; x_wconf 87' lang='lat' dir='ltr'><strong>septem</strong></span> <span class='ocrx_word' id='word_1_161' title='bbox 452 2865 577 2928; x_wconf 82' lang='lat' dir='ltr'><strong>veteres</strong></span> <span class='ocrx_word' id='word_1_162' title='bbox 600 2863 649 2928; x_wconf 92' lang='lat' dir='ltr'><strong>tui</strong></span> <span class='ocrx_word' id='word_1_163' title='bbox 672 2863 800 2929; x_wconf 88' lang='lat' dir='ltr'><strong>sodales</strong></span> <span class='ocrx_word' id='word_1_164' title='bbox 886 2919 887 2922; x_wconf 74' lang='grc'>,</span> 
     </span>
    </p>

    <p class='ocr_par' dir='ltr' id='par_1_14' title="bbox 103 2949 1219 3644">
     <span class='ocr_line' id='line_1_29' title="bbox 193 2949 843 3036; baseline 0 -20"><span class='ocrx_word' id='word_1_165' title='bbox 193 2949 431 3018; x_wconf 76' lang='grc' dir='ltr'>ιιιιοιιειθιιιιιι</span> <span class='ocrx_word' id='word_1_166' title='bbox 454 2951 517 3016; x_wconf 91' lang='lat' dir='ltr'><strong>tibi</strong></span> <span class='ocrx_word' id='word_1_167' title='bbox 540 2952 692 3036; x_wconf 85' lang='lat' dir='ltr'><strong>plumbea</strong></span> <span class='ocrx_word' id='word_1_168' title='bbox 715 2952 843 3016; x_wconf 85' lang='lat' dir='ltr'><strong>selibra.</strong></span> 
     </span>
     <span class='ocr_line' id='line_1_30' title="bbox 236 3039 936 3128; baseline 0 -22"><span class='ocrx_word' id='word_1_169' title='bbox 236 3039 320 3117; x_wconf 81' lang='lat' dir='ltr'><strong>Quid</strong></span> <span class='ocrx_word' id='word_1_170' title='bbox 343 3041 478 3128; x_wconf 85' lang='lat' dir='ltr'><strong>dignum</strong></span> <span class='ocrx_word' id='word_1_171' title='bbox 500 3040 626 3106; x_wconf 90' lang='lat' dir='ltr'><strong>meritis</strong></span> <span class='ocrx_word' id='word_1_172' title='bbox 648 3061 817 3124; x_wconf 86' lang='lat' dir='ltr'><strong>precemur</strong></span> <span class='ocrx_word' id='word_1_173' title='bbox 831 3040 936 3116; x_wconf 78' lang='lat' dir='ltr'><strong>istis?</strong></span> 
     </span>
     <span class='ocr_line' id='line_1_31' title="bbox 236 3128 776 3216; baseline -0.002 -21"><span class='ocrx_word' id='word_1_174' title='bbox 236 3128 395 3216; x_wconf 85' lang='lat' dir='ltr'><strong>Optamus</strong></span> <span class='ocrx_word' id='word_1_175' title='bbox 418 3128 482 3194; x_wconf 86' lang='lat' dir='ltr'><strong>tibi</strong></span> <span class='ocrx_word' id='word_1_176' title='bbox 504 3128 626 3212; x_wconf 86' lang='lat' dir='ltr'><strong>milies,</strong></span> <span class='ocrx_word' id='word_1_177' title='bbox 649 3128 776 3196; x_wconf 82' lang='lat' dir='ltr'><strong>Calene.</strong></span> 
     </span>
     <span class='ocr_line' id='line_1_32' title="bbox 103 3217 834 3314; baseline 0 -30"><span class='ocrx_word' id='word_1_178' title='bbox 103 3262 105 3266; x_wconf 85' lang='lat'><em>.</em></span> <span class='ocrx_word' id='word_1_179' title='bbox 236 3217 307 3285; x_wconf 90' lang='lat' dir='ltr'><strong>Hoc</strong></span> <span class='ocrx_word' id='word_1_180' title='bbox 331 3219 359 3314; x_wconf 71' lang='lat' dir='ltr'><strong>si</strong></span> <span class='ocrx_word' id='word_1_181' title='bbox 383 3218 571 3304; x_wconf 82' lang='lat' dir='ltr'><strong>contigerit,</strong></span> <span class='ocrx_word' id='word_1_182' title='bbox 543 3217 680 3284; x_wconf 81' lang='lat' dir='ltr'><strong>tiame</strong></span> <span class='ocrx_word' id='word_1_183' title='bbox 703 3217 834 3305; x_wconf 86' lang='lat' dir='ltr'><strong>peribis.</strong></span> 
     </span>
     <span class='ocr_line' id='line_1_33' title="bbox 679 3357 714 3426; baseline 0 0"><span class='ocrx_word' id='word_1_184' title='bbox 679 3357 714 3426; x_wconf 82' lang='lat' dir='ltr'><strong>O.</strong></span> 
     </span>
     <span class='ocr_line' id='line_1_34' title="bbox 235 3465 1219 3555; baseline 0.007 -23"><span class='ocrx_word' id='word_1_185' title='bbox 235 3465 395 3534; x_wconf 89' lang='lat' dir='ltr'><strong>Mammas</strong></span> <span class='ocrx_word' id='word_1_186' title='bbox 415 3471 512 3555; x_wconf 87' lang='lat' dir='ltr'><strong>atque</strong></span> <span class='ocrx_word' id='word_1_187' title='bbox 534 3471 623 3532; x_wconf 84' lang='lat' dir='ltr'><strong>tatas</strong></span> <span class='ocrx_word' id='word_1_188' title='bbox 646 3467 747 3534; x_wconf 88' lang='lat' dir='ltr'><strong>habet</strong></span> <span class='ocrx_word' id='word_1_189' title='bbox 766 3466 860 3554; x_wconf 85' lang='lat' dir='ltr'><strong>Afra,</strong></span> <span class='ocrx_word' id='word_1_190' title='bbox 884 3467 973 3534; x_wconf 92' lang='lat' dir='ltr'><strong>sed</strong></span> <span class='ocrx_word' id='word_1_191' title='bbox 963 3491 1037 3553; x_wconf 86' lang='lat' dir='ltr'><strong>rpsa</strong></span> <span class='ocrx_word' id='word_1_192' title='bbox 1059 3472 1219 3540; x_wconf 86' lang='lat' dir='ltr'><strong>tatarum</strong></span> 
     </span>
     <span class='ocr_line' id='line_1_35' title="bbox 279 3554 1119 3644; baseline 0.005 -24"><span class='ocrx_word' id='word_1_193' title='bbox 279 3554 353 3622; x_wconf 89' lang='lat' dir='ltr'><strong>Dici</strong></span> <span class='ocrx_word' id='word_1_194' title='bbox 376 3561 410 3623; x_wconf 87' lang='lat' dir='ltr'><strong>et</strong></span> <span class='ocrx_word' id='word_1_195' title='bbox 431 3579 648 3624; x_wconf 88' lang='lat' dir='ltr'><strong>mammarum</strong></span> <span class='ocrx_word' id='word_1_196' title='bbox 671 3556 814 3622; x_wconf 82' lang='lat' dir='ltr'><strong>maxima</strong></span> <span class='ocrx_word' id='word_1_197' title='bbox 836 3579 980 3624; x_wconf 85' lang='lat' dir='ltr'><strong>mamma</strong></span> <span class='ocrx_word' id='word_1_198' title='bbox 1001 3560 1119 3644; x_wconf 87' lang='lat' dir='ltr'><strong>potest.</strong></span> 
     </span>
    </p>
   </div>
   <div class='ocr_carea' id='block_1_9' title="bbox 0 0 1310 4048">
    <p class='ocr_par' dir='ltr' id='par_1_15' title="bbox 0 0 1310 4048">
     <span class='ocr_line' id='line_1_36' title="bbox 0 0 1310 4048; baseline 0 0"><span class='ocrx_word' id='word_1_199' title='bbox 0 0 1310 4048; x_wconf 95' lang='lat' dir='ltr'><strong> </strong></span> 
     </span>
    </p>
   </div>
  </div>
 </body>
</html>
