2596 4032
333 230 631 291 EPIGRAMMATON
649 231 715 288 LIB.
734 231 808 289 XIII.
1013 233 1077 300 319
1195 303 1196 308 χ

425 395 506 462 CXI.
530 394 712 462 Falernum.
753 375 755 380 ⁵

103 496 155 562 De
181 495 385 564 Sinuessanis
409 498 568 561 venerunt
590 491 732 559 Massica
755 493 869 580 prelis:

151 585 291 652 Condita
315 607 379 672 quo
403 585 533 671 quaeris
557 583 711 650 consule?
749 581 867 650 Nullus
891 587 970 650 erat.
1078 602 1080 606 ’

936 693 942 744 J

431 724 530 793 CXII.
553 725 704 793 Setinum.

102 822 253 888 Pendula
274 822 469 909 PompIInos
494 845 576 909 quac
600 827 729 910 spectat
752 819 842 890 Setia
864 844 1011 910 campos,

59 923 61 926 '
151 911 280 997 Engua
302 914 430 978 vetulos
454 913 546 1004 mIsil
569 913 610 978 ab
634 913 714 978 urbe
738 912 844 979 cados.

400 1051 517 1119 CXIII.
539 1055 743 1121 an'clnnnm.

102 1149 196 1216 Haec
219 1149 376 1215 Fundana
398 1150 480 1224 culis,
499 1151 577 1216 felix
600 1156 774 1217 autumnus
798 1149 917 1236 Opimi.

105 1265 123 1303 ·,
150 1239 323 1325 Expressit
345 1243 489 1305 mustum
513 1241 627 1305 consul
651 1242 776 1326 etipse
799 1240 892 1308 bibit

400 1379 514 1448 CXIV.
540 1381 739 1464 Trifolinum.

103 1477 183 1544 Non
206 1500 278 1546 sum
302 1478 342 1543 de
364 1478 485 1564 primo,
508 1477 627 1564 fateor,
651 1479 799 1544 trifolius
820 1477 943 1565 Lyceo,

150 1565 243 1633 Inter
264 1567 342 1633 vino
365 1571 477 1634 tamen
491 1569 641 1654 'septime
664 1567 740 1642 uitis
764 1589 828 1634 ero.

418 1707 516 1775 CXV.
539 1708 718 1776 Caecubum.
752 1765 766 1811 ὓ

102 1813 255 1882 Caecuba
277 1813 442 1880 Fundanis
467 1837 625 1902 generosa
649 1819 805 1880 cocuntur
827 1813 987 1900 Amyclis,

141 1899 239 1969 IVitis
263 1907 296 1968 et
319 1903 353 1968 in
377 1903 484 1969 media
506 1906 587 1970 nata
609 1903 726 1990 palude
749 1904 841 1971 viret.
864 1964 867 1970 .

413 2044 528 2112 CXVI.
551 2044 729 2130 Siyninnnn.

100 2133 242 2217 Potabis
265 2131 427 2234 liquidum
451 2149 587 2235 Signina
610 2151 773 2218 morantIe
795 2153 951 2216 ventrem.

150 2238 201 2304 Ne
224 2239 361 2304 nimium
386 2239 519 2325 siste-nt,
542 2240 586 2304 sit
609 2240 669 2305 tibi
693 2261 793 2324 parca
816 2239 899 2306 sitis.

377 2378 507 2446 CXVII.
529 2382 766 2448 numentum.

99 2476 275 2573 Ansphore
297 2485 459 2552 Nestorea
481 2487 543 2553 tibi
565 2487 762 2556 Mamertina
785 2490 916 2554 senecta

150 2575 186 2642 si
209 2575 315 2662 detur,
338 2576 474 2674 quodvis
497 2598 617 2642 nomen
639 2577 760 2644 habere
782 2579 900 2664 potest

361 2714 508 2783 CXVIII.
534 2718 772 2785 Tarraconense.

99 2825 259 2910 Timeo,
281 2822 450 2909 Campano
473 2827 603 2890 tentum
627 2846 758 2889 cessura
779 2823 904 2909 Lyceo,

148 2913 240 2982 Haec
262 2913 377 3000 genuit
400 2912 513 2979 luscis
537 2913 665 2979 aemula
687 2913 764 2979 vine
787 2913 885 2979 cedis

380 3053 494 3121 CXIX.
518 3055 757 3121 Nomentanum.

98 3164 313 3232 Nomentana
335 3183 443 3228 meum
467 3162 529 3228 tibi
552 3161 609 3227 dat
630 3159 794 3226 vindemia
815 3158 992 3226 Bacchum:

149 3251 184 3319 si
207 3255 247 3342 te
265 3249 404 3328 Quintus
429 3258 531 3338 amat,
555 3250 777 3316 commodiora
798 3247 901 3314 bibes.

407 3391 504 3460 CXX.
528 3392 727 3478 Spoletinum.

99 3501 150 3567 De
175 3497 353 3584 Spoletinis
378 3521 461 3585 quse
484 3503 562 3566 sunt
585 3499 710 3566 cariosa
732 3495 861 3583 lagonis

145 3589 314 3674 Malueris,
338 3610 435 3674 qnam
461 3589 488 3653 si
512 3594 620 3655 musta
644 3588 784 3652 Falerna
805 3585 910 3652 bibas.
