2528 4038
326 227 624 286 EPIGRAMMATON
645 227 712 286 LIB.
731 227 778 286 IIL
1022 229 1064 296 67

96 392 227 459 Possum
240 391 429 478 Hecubam,
443 413 578 480 possum
592 391 751 476 Niobam,
764 389 945 479 Matronia,
964 393 1021 460 sed
1038 393 1067 460 si

136 481 290 550 Nondum
313 483 378 548 erit
400 482 460 548 illa
483 483 587 570 canis,
610 480 754 548 nundum
778 482 841 547 erit
863 481 923 548 illa
946 481 1041 570 lapis.

471 641 637 710 ’ΧΧΧΙΠ

6 783 7 832 3
94 746 269 832 Ingenuam
293 749 396 833 malo,
419 749 476 816 sed
500 749 529 816 si
551 753 662 816 temen
683 749 744 815 illu
765 752 919 836 negetur,

136 835 303 902 Libertina
326 838 408 904 mihi
432 839 584 924 proxima
606 837 753 906 condicio
779 843 843 904 est:

96 925 246 992 Extremo
271 930 323 992 est
347 927 469 994 ancilla
491 929 578 994 luco:
602 929 659 996 sed
681 929 790 994 vincet
812 931 999 1014 utramque,

10 1013 12 1018 ’
136 1013 169 1081 si
192 1015 277 1082 facie
300 1016 397 1082 nobis
420 1017 502 1084 haec
526 1017 589 1084 erit
610 1017 763 1106 ingenua.

480 1158 512 1224 X
625 1209 633 1226 .

96 1261 198 1417 Dipna
221 1267 281 1330 tuo
305 1287 363 1332 cur
386 1265 432 1330 sis
455 1157 653 1352 indigiarriiie
675 1267 822 1351 nomine,
845 1264 960 1330 dicam.

160 1353 268 1439 rigida
291 1375 327 1420 es
351 1358 385 1419 et
407 1355 503 1442 nigra
527 1376 575 1420 es:
597 1377 665 1420 non
688 1377 723 1420 es
746 1358 780 1420 et
802 1375 838 1419 es
861 1351 995 1420 Chiona
1124 1351 1131 1365 ⁴

488 1495 623 1563 XXXV.

97 1598 183 1666 Artis
205 1601 383 1667 Phidiacae
407 1606 558 1668 toreuma
580 1603 704 1668 clarum

97 1687 199 1756 Pisces
224 1691 358 1777 aspicis:
384 1691 466 1756 adde
489 1691 622 1778 aquam,
644 1691 816 1757 natabunt

372 1816 871 1898 '1121va¹⁴

97 1934 186 2012 Quod
208 1959 314 2004 novus
337 1942 498 2024 et'nuper
514 1939 628 2005 factus
651 1939 714 2004 tibi
735 1941 884 2025 praestat
907 1937 1044 2022 amicus,

136 2023 206 2092 Hoc
230 2031 402 2112 praestare
425 2027 518 2092 iubes
542 2049 607 2112 me,
630 2027 788 2112 Fabiane,
811 2027 887 2093 tibi:

96 2111 254 2180 Horridus
277 2119 316 2181 ut
336 2116 444 2200 primo
467 2121 501 2181 te
524 2139 652 2202 semper
675 2139 770 2182 mane
794 2117 934 2182 salut-em

137 2202 199 2269 Per
223 2204 431 2290 mediumque
454 2205 572 2271 trahat·
589 2227 641 2270 me
664 2209 721 2270 tua
744 2205 827 2270 sella
849 2205 970 2290 lutum,

75 2289 214 2359 oLussus
237 2298 276 2359 ut
297 2293 333 2358 in
355 2293 502 2359 thermas
526 2293 650 2359 decima
673 2295 724 2359 rel
748 2293 851 2358 serius
874 2293 958 2359 hora

71 2457 73 2462 ¹
137 2381 182 2446 ΤΘ
206 2403 326 2468 sequar
348 2381 532 2468 Agrippae,
555 2404 626 2447 cum
651 2383 742 2447 laver
763 2383 834 2468 ipse
856 2381 932 2447 'Pit'a

97 2467 164 2536 Hoc
187 2493 247 2557 per
269 2470 410 2556 triginta
432 2471 550 2556 merui,
573 2468 729 2556 Fabiane,
752 2469 964 2556 Decembres,

138 2557 184 2625 Ut
208 2560 271 2624 sim
294 2561 359 2626 tiro
382 2565 457 2624 tuae
482 2580 609 2646 semper
632 2560 816 2626 amicitiae?

97 2645 165 2724 Hoc
187 2649 305 2733 merui,
327 2647 486 2732 Fabieue,
508 2653 589 2734 toga
611 2649 754 2735 tritaque
777 2668 926 2734 meaque,

64 2749 89 2798 ιο
138 2735 186 2804 Ut
207 2737 353 2804 nondum
377 2737 489 2804 credas
513 2758 566 2801 me
589 2739 745 2803 meruisse
763 2737 900 2804 rudem?

475 2877 643 2945 XXXVII.

98 2983 196 3056 irasci
218 2975 352 3054 tanturn
364 2979 483 3053 ¹felices
507 2985 613 3052 nostis
637 2985 743 3052 amici.
812 3011 816 3016 ’
921 3005 922 3010 ’

98 3073 171 3142 Non
192 3075 279 3143 belle
302 3074 504 3161 facitis„sed
527 3076 619 3140 iuuat
641 3073 717 3140 hoo:
739 3073 847 3140 facite.
889 3106 892 3112 ·
942 3094 946 3100 ·
1056 3167 1057 3170 Ἴ
1125 3134 1127 3138 ⁴
1241 3093 1245 3108 ¹

464 3212 648 3282 XXXVIIL

100 3320 185 3400 Quae
207 3329 240 3390 te
263 3347 362 3391 cause
384 3323 491 3390 trahit
512 3324 564 3390 vel
589 3344 671 3409 quae
694 3319 813 3386 fiducia
834 3319 989 3409 Romam,

141 3411 259 3480 Sexte?
283 3413 360 3500 qnid
385 3419 443 3480 aut
466 3435 579 3499 speras
604 3416 660 3478 aut
683 3409 767 3496 petis
790 3409 888 3476 inde?
910 3410 1004 3476 refer.
1101 3453 1109 3462 -

100 3499 256 3586 „Causas“
279 3502 388 3590 inquis
410 3523 528 3590 „agam
552 3499 707 3568 Cicerone
732 3497 884 3564 disertior
907 3499 980 3584 ipso

132 3592 247 3678 Atque
271 3594 335 3660 erit
357 3593 394 3659 in
415 3591 539 3678 triplici
560 3612 621 3677 pur
643 3589 725 3656 mihi
747 3609 844 3653 nemo
868 3585 967 3653 toro.“

869 3688 907 3746 a·
1105 3705 1111 3716 ἰ
