2528 4038
171 227 240 292 '142
501 224 540 284 M.
558 223 640 282 VAL.
660 219 865 280 marmus

626 385 742 454 LXIV.

220 494 303 564 Cum
326 497 370 562 sis
392 517 453 562 nec
477 491 586 580 rigida
608 491 788 560 Fabiorum
811 488 908 578 'gente
932 495 1058 556 creatus

219 585 290 652 Neo
313 585 442 671 qualem
465 579 579 666 Corio,
603 583 679 648 dum
703 581 841 668 prandia
863 583 977 666 portat
1000 577 1112 662 arenti,

219 673 357 740 Hirsuta
380 673 506 758 peperit
528 670 690 756 deprensa
714 672 773 736 sub
796 670 871 735 ilice
894 670 1049 751 coniunx,
1255 731 1256 754 2

222 761 284 829 Sed
306 763 410 849 patris
434 761 475 825 ad
498 760 665 846 speculum
689 760 779 826 tonsi
802 758 983 842 matrisque
1006 759 1133 843 togatae

195 849 325 918 oFiliua
349 855 382 917 et
404 849 510 935 possit
533 869 688 934 sponsam
711 852 743 914 te
767 869 888 934 sponsa
911 867 1041 912 vocare:

221 938 405 1005 Emendare
428 957 532 1020 meos,
557 959 639 1022 quos
662 938 754 1003 novit
776 937 879 1020 fama,
901 935 1034 1000 libellos

222 1027 268 1094 nt
292 1028 355 1093 tibi
378 1027 543 1113 permittis
565 1025 676 1090 felices
700 1047 832 1110 carpere
855 1045 974 1110 nugas,
993 1061 1030 1070 -

223 1115 308 1201 Has,
330 1118 476 1201 inquam,
499 1135 618 1202 nugas,
637 1115 754 1200 quibus
774 1135 885 1180 aurem
903 1113 1069 1178 advertere
1086 1113 1193 1176 totam

223 1202 299 1270 Non
322 1209 537 1290 aspernantur
560 1224 709 1288 proceres
733 1203 887 1288 urbisque
910 1201 1051 1287 forique,

184 1310 217 1359 10
227 1293 315 1369 Quas
339 1301 372 1358 et
394 1293 540 1378 perpetui
563 1292 740 1376 dignantur
763 1291 882 1356 scrinia
906 1289 967 1356 Sili
1255 1349 1256 1368 q

224 1380 271 1447 Et
293 1383 412 1468 repetit
434 1381 561 1447 totiens'
580 1381 718 1447 facundo
742 1379 888 1466 Regulus
912 1401 982 1464 ore,
1255 1375 1256 1426 ἒ

226 1469 352 1555 Quique
374 1470 462 1536 videt
483 1471 618 1555 propius
642 1470 753 1555 magni
776 1467 956 1534 certamina
979 1465 1063 1534 Circi

225 1557 356 1624 Laudat
378 1559 559 1623 Aventinae
582 1559 706 1624 vicinus
730 1555 813 1624 Sura
836 1555 976 1641 Dianae,

224 1645 300 1731 Ipse
323 1647 421 1711 etiam
442 1651 535 1712 tanto
558 1646 708 1712 dominus
733 1647 794 1712 sub
816 1646 959 1731 pondere
982 1666 1089 1709 rerum

183 1734 302 1802 15Non
325 1735 518 1822 dedignatur
540 1735 591 1800 bis
614 1739 728 1820 terque
750 1735 917 1801 revolvere
941 1732 1069 1799 Caesar.

227 1823 291 1891 Sed
312 1824 375 1889 tibi
397 1825 471 1908 plus
495 1824 626 1908 mentis,
650 1825 710 1888 tibi
735 1845 790 1890 cor
813 1824 950 1889 limante
972 1821 1116 1888 Minerva

133 1927 134 1930 ’
225 1912 343 1979 Acrius
367 1917 400 1977 et
423 1918 535 1978 tenues
558 1913 722 1978 finxerunt
744 1917 858 1998 pectus
881 1911 1041 1978 Athenae.

226 2001 277 2068 Nc
299 2001 439 2086 valeam,
462 2001 491 2066 si
513 2022 580 2065 non
602 2001 705 2066 multo
730 2001 818 2087 sapit
842 2001 942 2066 altius
966 1999 1061 2084 illud,
1115 2007 1160 2084 'q'

229 2090 324 2167 Quod
347 2111 419 2155 cum
441 2089 625 2174 panticibus
648 2089 731 2154 laxis
756 2096 788 2154 et
811 2089 989 2176 compede
1013 2089 1126 2176 grandi

182 2197 217 2247 ao
226 2178 272 2244 Et
294 2179 394 2244 rubro
418 2179 571 2262 pulmone
594 2181 686 2243 vetus
709 2180 863 2262 nasisque
886 2179 1066 2243 timendum

226 2267 345 2334 Omnia
366 2267 504 2332 crudelis
528 2266 633 2331 lanius
656 2289 715 2352 per
739 2266 884 2350 compita
908 2270 1029 2352 portat.

226 2355 337 2421 Audes
360 2361 541 2441 praeterea,
565 2377 646 2440 quos
670 2355 780 2420 nullus
804 2356 948 2440 noverit,
971 2356 1005 2419 in
1028 2377 1104 2419 me¹
1227 2369 1232 2378 ‘

227 2442 373 2511 Scribere
396 2443 576 2509 versiculos
597 2444 732 2510 miseras
756 2449 789 2508 et
811 2443 946 2530 perdere
970 2444 1109 2509 chartas.

225 2534 274 2599 At
296 2532 424 2617 siquid
447 2537 578 2596 nostrae
601 2531 662 2597 tibi
686 2532 761 2598 bilis
785 2533 940 2598 inusserit
963 2533 1071 2618 ardor,

184 2641 218 2690 ao
228 2621 328 2688 Vivet
352 2625 385 2686 et
408 2621 556 2686 haerebit
578 2624 714 2706 totaque
737 2622 864 2708 legetur
886 2621 921 2686 in
943 2622 1036 2706 urbe,
1140 2639 1145 2648 ·
1255 2634 1256 2644 ¹

197 2763 199 2768 .
228 2709 393 2797 Stigmata
415 2731 474 2774 nco
497 2709 590 2774 vafra
614 2710 736 2774 delebit
759 2709 936 2776 Cinnamus
960 2713 1038 2774 arta

227 2798 291 2865 Sed
313 2800 465 2864 miserere
488 2799 550 2881 tui,
572 2797 686 2863 rabido
709 2819 768 2863 nec
792 2797 937 2882 perditus
962 2821 1016 2863 ore

226 2887 420 2954 Fumantem
443 2909 559 2952 nasum
582 2887 648 2952 vivi
671 2888 884 2971 temptaveris
906 2887 984 2952 ursi.
1015 2885 1018 2890 ’

229 2975 280 3043 Sit
302 2977 449 3061 placidus
472 2976 549 3040 licet
572 2979 605 3040 et
627 2976 754 3040 lambat
772 2975 956 3062 digitosque
981 2995 1168 3062 manusque,

183 3065 263 3134 30Si
286 3065 378 3131 dolor
401 3069 434 3129 et
456 3064 546 3148 bilis,
569 3064 597 3129 si
620 3064 707 3146 iusta
731 3066 877 3150 coegerit
900 3067 963 3148 ira,

227 3154 331 3222 Ursus
355 3154 430 3218 erit:
453 3175 555 3218 vacua
578 3152 690 3219 dentes
714 3155 748 3218 in
772 3154 859 3238 pelle
881 3153 1002 3239 fatiges
1066 3177 1068 3182 ·

227 3242 274 3309 Et
295 3242 428 3318 tacitam
453 3263 603 3326 quaeras,
627 3266 723 3328 quarn
746 3244 854 3327 possis
877 3243 1003 3321 rodere,
1027 3261 1164 3308 carnem.

367 3331 369 3338 Ι
641 3383 740 3450 LXV.

228 3489 452 3574 „Hexametris
477 3489 678 3576 epigramma
701 3491 804 3558 facis“
828 3493 896 3560 scio
925 3477 1029 3560 dicere
1052 3492 1189 3559 Tuccam·

273 3579 393 3663 Tucca,
417 3579 499 3644 solet
522 3580 605 3666 fieri,
627 3581 778 3667 denique,
800 3581 921 3670 Tucca,
943 3584 1031 3650 licet.

1158 1813 1165 1848 Ι
