2596 4032
367 249 673 308 EPIGRAMMATON
692 249 760 307 LIB.
779 249 851 307 XIV.
1053 253 1115 319 331

469 413 586 482 Calices
609 416 749 484 audaces.

138 511 209 577 Nos
233 533 346 578 sumus
371 513 503 580 audacis
527 513 657 600 plebeia
680 515 863 579 toreumata
887 513 963 580 vitri

184 599 436 688 Nostra-neque
462 601 590 668 ardenti
614 623 744 691 gemma
768 602 885 669 feritur
908 625 1000 690 aqua

353 741 452 810 XCV.
475 743 594 812 Pleialo
615 765 713 811 ocrea
735 745 861 812 caeteta

140 837 296 914 Quamvis
322 838 469 908 Callaico
493 843 627 909 rubeam
652 863 811 931 generosa
834 841 983 926 metallo,

187 926 320 996 Glorior
343 936 414 997 arte
438 931 558 1019 magis:
581 953 656 998 nam
680 931 776 1016 Myos
800 931 862 997 iste
885 929 989 998 labor.

469 1071 587 1141 Calices
615 1073 746 1140 Vatinii.

142 1166 234 1232 Vilia
257 1168 380 1234 sutoris
404 1169 539 1236 calicem
564 1173 776 1236 monumenta
796 1167 912 1235 Vatini

187 1255 322 1342 Accipe3
348 1257 404 1352 sed
427 1281 526 1325 nasus
549 1260 680 1347 longior
702 1260 760 1324 ille
783 1258 855 1326 fuit
899 1281 901 1286 ·

348 1397 480 1467 XCVII.
502 1401 623 1468 Lances
645 1401 866 1486 clerpscndetac.

142 1495 286 1562 Grandia
308 1517 350 1562 no
372 1497 461 1563 viola
484 1519 584 1584 paruo
609 1497 824 1583 chrysendeta
847 1495 963 1563 mullo:

188 1585 234 1651 Ut
256 1585 441 1667 minimum,
465 1586 566 1653 libras
591 1586 687 1652 debet
710 1587 830 1653 habere
854 1585 943 1652 duas.

476 1727 560 1794 Vasa
582 1728 743 1796 Arretina.

144 1831 299 1899 Arretina
320 1833 421 1899 nimis
444 1855 485 1898 ne
510 1855 646 1919 spernas
669 1855 748 1900 vasa
774 1827 957 1900 monemus:

189 1920 313 1988 Lautus
337 1927 410 1989 erat
431 1919 546 1988 Tuscis
570 1921 716 1989 Porsena
738 1923 903 1990 fictilibus.

452 2061 565 2130 XCIX.
588 2061 770 2130 Bascauda.

144 2169 292 2237 Barbara
315 2169 353 2236 de
377 2169 473 2256 pictis
498 2171 570 2236 veni
593 2169 754 2236 bascauda
776 2167 957 2253 Britannis3

190 2257 253 2325 Sed
276 2282 329 2343 me
351 2259 418 2325 iam
441 2259 568 2325 mavult
592 2257 697 2324 dicere
719 2257 826 2324 Roma
849 2279 949 2324 suam.

543 2399 683 2467 Paricea.

5 2465 10 2524 γ’
144 2508 180 2575 Si
196 2513 269 2574 ‘uon
291 2507 408 2595 ignote
432 2511 483 2574 est
507 2507 594 2573 docti
616 2506 678 2571 tibi
701 2510 790 2570 terra
813 2501 949 2589 Catulli,

189 2596 319 2664 Potasti
341 2601 430 2665 terta
452 2595 587 2664 Raetica
610 2595 688 2660 vina
710 2614 791 2659 mea.

487 2735 539 2803 01.
562 2734 736 2803 Boletaria.

143 2843 237 2912 Ourn¹
251 2845 333 2911 mihi
355 2845 459 2912 boleti
482 2842 629 2909 dederint
650 2845 719 2908 tarn
741 2839 852 2906 nobile
875 2859 1008 2930 nomen,

190 2933 394 3002 Prototomis
416 2969 453 2982 -
474 2933 576 3020 pudet
598 2932 677 2996 heu!
698 2967 735 2977 -
757 2929 863 2996 servio
887 2927 1043 2996 coliculis.

446 3073 565 3142 Calices
586 3071 776 3140 Secrrcatiai.

106 3200 108 3203 ·
143 3183 268 3269 Accipe
291 3203 358 3248 non
383 3182 440 3247 vili
463 3181 580 3247 calices
604 3179 643 3246 de
665 3179 932 3264 pulvere‘natoa
981 3194 983 3198 ·

192 3271 256 3338 Sed
280 3269 491 3338 Surrentinae
515 3270 586 3335 leve
609 3272 757 3335 toreuma
780 3270 881 3332 rotae.
933 3283 936 3287 ·

407 3410 494 3479 CIII.
517 3409 627 3478 Gelam
648 3409 816 3477 nivariam.

116 3601 118 3604 ¹
146 3520 292 3605 Selinos,
315 3539 445 3604 moneo,
468 3521 583 3584 nostra
605 3517 680 3584 nive
703 3515 818 3602 frange
841 3513 990 3580 trientes:

191 3608 391 3696 Pauperiore
415 3629 504 3674 mero
528 3607 655 3692 tingere
678 3607 747 3671 lina
769 3607 873 3692 potes.
