2528 4038
148 221 208 288 ,98
334 280 336 284 ,
416 279 418 282 ,
492 219 532 278 ll.
550 217 635 276 VAL.
653 213 852 274 resume

611 377 731 446 LVIII.

207 487 248 556 In
270 488 415 556 tenebris
438 489 532 577 luges
555 487 727 570 amissum,
750 483 858 570 Galla,
880 483 1044 550 maritum

253 577 340 645 Nam
364 579 492 667 plorare
515 576 616 663 pudet
638 580 685 660 ta,
707 578 801 662 puto,
825 572 937 659 Galla,
959 573 1073 640 virum
1129 621 1130 624 ,

628 715 713 784 LIX.

209 825 380 894 Flentibus
403 825 578 894 Heliadum
600 823 701 892 ramis
725 823 803 890 dum
825 822 939 910 vipera
962 821 1058 907 repit,

254 913 366 982 Fluxit
389 917 423 982 in
447 915 634 982 obstantem
657 913 770 978 sucina
793 916 890 998 gutte
910 909 1029 976 feram:

211 1001 301 1080 Quae
323 1003 401 1070 dum
424 1003 563 1070 miratur
585 1001 701 1090 pingui
724 1024 759 1068 se
781 1023 855 1068 rore
878 1000 996 1085 teneri,

256 1091 415 1166 Concreto
438 1092 540 1178 riguit
562 1091 672 1158 vincta
693 1094 833 1178 repente·
851 1089 936 1176 gelu.
1006 1112 1009 1117 ·

184 1179 263 1247 oNe
285 1181 349 1246 tibi
372 1181 476 1268 regali
499 1181 648 1268 placeas,
671 1177 861 1266 Cleopatra,
884 1176 1046 1264 sepulcro,

255 1267 380 1356 Vipera
403 1270 432 1336 si
454 1269 580 1336 tumulo
603 1267 766 1336 nobiliore
788 1269 892 1335 iacet·

562 1452 565 1459 ’
643 1427 669 1493 L

211 1533 321 1600 Ardea
343 1534 487 1602 solstitio
510 1427 733 1621 Castranadue
755 1556 833 1600 rura
854 1493 1008 1619 petentur

257 1622 383 1707 Quique
406 1621 566 1690 Cleonaeo
590 1623 694 1690 sidere
716 1624 823 1690 fervet
845 1644 936 1710 eger,

213 1709 295 1779 Cum
317 1709 505 1778 Tiburtinas
530 1712 662 1777 damnet
683 1709 848 1778 Curiatius
871 1733 967 1778 eures

257 1799 349 1866 Inter
371 1800 521 1866 laudatas
544 1801 585 1865 ad
608 1797 715 1885 Styga
737 1800 857 1866 missus
881 1820 989 1886 eques.

186 1886 314 1957 oNullo
336 1887 408 1955 fata
430 1889 502 1956 loco
525 1889 633 1974 possis
657 1889 835 1956 excludere:
861 1909 935 1955 cum
958 1909 1047 1954 mors

256 1975 408 2058 Venerit,
429 1977 464 2044 in
487 1977 593 2044 medio
615 1975 735 2044 Tibure
759 1975 909 2044 Sardinia
930 1983 989 2044 est.

632 2135 717 2202 LXI.

213 2241 364 2310 Donasse
388 2242 528 2310 amicum
551 2242 612 2309 tibi
635 2243 785 2330 ducenta,
808 2241 973 2330 Maneine,

212 2331 326 2418 Nuper
349 2333 487 2416 superbo
511 2331 618 2397 laetus
641 2354 696 2398 ore
718 2333 857 2400 iactasti.

184 2445 185 2448 ¹
215 2419 359 2498 Quartus
383 2419 451 2486 dies
475 2421 923 2506 est,inscholupoetan1m

212 2508 300 2574 Dum
322 2508 519 2595 fabulamur,
542 2510 676 2576 milibus
699 2509 809 2576 decem
832 2509 915 2576 dixti

188 2597 354 2682 oEmptas
378 2597 524 2663 lacernas
548 2619 665 2663 munus
688 2620 758 2664 esse
781 2597 985 2684 Pompullae,
1082 2631 1085 2638 ·

213 2684 422 2769 Sardonycha
444 2707 556 2752 verum
579 2687 809 2772 lineisque-ter
831 2688 972 2754 cinctum
1003 2697 1005 2704 '

214 2773 368 2860 Duasque
391 2775 515 2840 similes
538 2775 691 2840 fluctibus
715 2777 814 2863 maris
838 2797 985 2863 gemmas
1148 2786 1150 2792 '
1230 2827 1234 2838 .

213 2863 349 2929 Dedisse
371 2861 510 2930 Bassam
534 2862 741 2950 Caeliamque
764 2866 891 2931 iurasti.

212 2951 300 3018 Here
322 2949 362 3016 de
385 2951 529 3036 theatro,
545 2951 700 3020 'Pollione
724 2959 890 3040 cantante,

172 3038 297 3107 roCum
320 3039 430 3106 subito
454 3041 574 3126 abires,
598 3043 674 3109 dum
697 3042 800 3130 fugis,
823 3043 1020 3130 loquebaris,

213 3128 416 3195 Hereditatis
439 3130 502 3195 tibi
524 3135 670 3198 trecenta
692 3134 835 3216 venisse,
1118 3142 1120 3146 ‘

211 3217 259 3284 Et
281 3240 376 3283 mane
399 3223 545 3304 centum,
569 3226 602 3287 et
624 3225 702 3308 post
724 3219 891 3288 meridiem
915 3226 1053 3288 centum.

215 3305 300 3382 Quid
323 3307 386 3372 tibi
410 3308 537 3374 sodales
560 3310 696 3376 fecimus
719 3311 798 3376 mali
821 3312 972 3378 tantum?

213 3393 368 3460 Miserere
391 3396 472 3476 iam,
495 3398 648 3485 erudelis,
671 3402 705 3466 et
728 3400 788 3466 sile
810 3399 951 3466 tandem.

172 3496 204 3545 15
216 3480 299 3566 Aut,
322 3481 351 3547 si
373 3487 481 3549 tacere
503 3486 616 3573 lingua
638 3511 703 3572 non
726 3493 836 3574 potest
857 3488 936 3574 ista,

215 3567 402 3654 Aliquando
425 3595 538 3661 nerra,
562 3577 648 3662 quod
670 3579 807 3645 uelimus
831 3578 951 3644 audire.
