2596 4034
163 203 229 268 246
492 201 530 259 Μ.
548 201 631 260 VAIa
649 200 849 258 MARTIALIS

606 363 738 434 LXXII.

207 453 345 522 Frustra
367 454 554 522 Blanditiae
577 455 695 520 venitis
719 453 760 520 ad
783 476 835 520 me

131 596 134 602 ,
208 544 344 610 Attritis
368 545 573 610 miserabiles
597 545 741 610 labellis:

207 631 364 698 Dicturus
388 633 555 700 dominum
579 632 736 718 deumque
759 653 826 698 non
849 654 930 698 sum.

208 719 280 787 Iam
301 743 370 788 non
392 727 443 789 est
465 723 556 788 locus
579 722 641 786 hac
663 721 698 786 iu
721 721 801 786 urbe
824 720 932 806 vobis3

182 809 262 876 aad
284 808 424 879 Parthos
448 810 561 896 procul
584 809 630 874 ite
652 809 804 894 pilleatos

71 902 73 906 ’
207 897 254 964 Et
276 901 387 986 turpes
409 899 612 982 humilesque
635 897 862 983 supplicesque

208 985 375 1054 Pictorum
399 989 470 1054 sola
493 987 620 1052 basiate
643 1008 766 1072 regum.

208 1075 285 1142 Non
307 1081 359 1142 est
379 1076 434 1141 hic
457 1075 620 1159 dominus,
643 1075 700 1140 sed
723 1075 916 1159 imperator,

209 1161 273 1230 Sed
295 1165 494 1230 iustissimus
517 1164 663 1230 omnium
687 1168 831 1247 senator,

166 1269 199 1319 ιο
209 1252 271 1319 Per
294 1275 390 1340 quem
413 1252 452 1318 de
475 1251 592 1340 Stygia
615 1253 711 1318 domo
735 1253 869 1318 reducta
891 1255 943 1320 est

209 1339 308 1409 Siccis
332 1343 453 1408 rustica
476 1341 609 1408 Veritas
633 1341 771 1428 capillis.

208 1429 280 1497 Hos
303 1431 365 1497 sub
388 1431 547 1517 principe,
571 1431 599 1495 si
622 1431 725 1517 sapis,
748 1433 876 1515 caveto,
963 1443 965 1448 “

208 1518 340 1608 Verbis,
362 1519 480 1606 Roma,
502 1519 666 1606 prioribus
690 1519 845 1604 loquaris.

207 1739 335 1806 Littera
357 1740 488 1807 facundi
511 1744 642 1826 gratum
665 1741 747 1806 mihi
770 1741 889 1827 pignus
914 1740 1009 1806 amici

252 1828 406 1912 Pertulit,
429 1829 594 1895 Ausoniae
617 1830 703 1895 dona
726 1851 839 1895 severa
860 1833 973 1914 togae,

209 1917 280 1996 Qua
301 1937 368 1984 non
390 1916 572 2004 Fabricius,
596 1919 652 1984 sed
674 1918 773 1984 vellet
795 1918 931 2004 Apicius
955 1919 1018 2003 uti,

253 2005 365 2072 Vellet
386 2005 557 2072 Maecenas
581 2005 794 2074 Caesarianus
818 2029 924 2092 eques.
1099 2001 1106 2010 ’

183 2093 317 2162 ovilior
339 2095 420 2162 haec
442 2095 538 2161 nobis
562 2095 627 2161 alio
652 2095 804 2162 mittente
827 2096 956 2182 fuisset3

252 2184 329 2252 Non
352 2206 541 2270 quacunque
564 2207 664 2250 manu
686 2185 819 2252 victima
842 2207 935 2250 caesa
958 2185 1048 2251 litat:

209 2273 239 2339 A
263 2278 296 2339 te
319 2275 421 2340 missa
443 2273 545 2338 venit:
568 2295 698 2357 possem
720 2273 785 2340 nisi
807 2295 924 2339 munus
948 2296 1071 2358 amare,

253 2361 377 2448 Marce,
399 2365 505 2446 tuum,
527 2366 676 2447 poteram
698 2383 818 2428 nomen
841 2383 950 2428 amare
972 2385 1089 2428 meum.

210 2451 343 2518 Munere
366 2450 422 2516 sed
445 2451 520 2536 plus
544 2455 594 2516 est
617 2455 650 2516 et
673 2450 804 2516 nominc
827 2451 955 2538 gratius
977 2451 1049 2536 ipso

167 2557 199 2607 ιο
255 2539 408 2608 Officium
431 2539 519 2606 docti
541 2539 759 2625 iudiciumque
783 2539 854 2606 viri.

600 2670 746 2738 LXXIV.

209 2761 281 2828 Iam
304 2783 402 2847 parce
425 2763 525 2844 lasso,
549 2761 667 2846 Roma,
690 2760 902 2846 gratulaturi,

211 2851 315 2918 Lasso
338 2850 459 2916 clienti.
497 2849 658 2928 Quamdiu
682 2850 843 2915 salutator

210 2940 489 3006 Anteambulones
513 2943 546 3004 et
569 2939 736 3024 togatulos
759 2940 845 3004 inter

211 3029 349 3096 Centum
373 3029 522 3094 merebor
545 3028 715 3112 plumbeos
739 3026 790 3092 die
814 3031 899 3111 toto,

185 3116 293 3185 sOum
317 3115 457 3204 Scorpus
480 3139 545 3182 una
569 3115 750 3203 quindecim
775 3137 889 3200 graves
912 3116 995 3182 hora

211 3206 379 3274 Ferventis
403 3201 474 3272 anri
497 3205 601 3272 victor
624 3205 751 3270 auferat
775 3205 908 3270 saccos?
965 3269 969 3276 ,

207 3295 286 3362 Non
310 3317 371 3383 ego
395 3317 539 3362 meorum
564 3294 745 3378 praemium
768 3293 955 3359 libellorum

206 3423 254 3434 -
273 3383 358 3462 Quid
377 3385 462 3450 enim
482 3383 670 3449 merentur?
692 3419 729 3430 -
752 3381 900 3466 Appulos
919 3381 1017 3448 velim
1037 3399 1184 3469 campos3

208 3473 287 3540 Non
308 3473 435 3558 Hybla,
458 3495 525 3538 non
548 3494 599 3538 me
623 3471 755 3557 spicifer
778 3471 866 3557 capit
889 3469 999 3558 Nilus,
1066 3543 1069 3548 ,

84 3598 89 3607 -
168 3560 280 3628 10Nec
304 3583 387 3646 quae
410 3561 546 3646 paludes
571 3561 708 3626 delicata
732 3560 923 3646 Pomptinas
