2610 4048
391 249 687 308 nelennnnaeon
705 247 772 308 LIB.
792 250 813 308 L
1065 249 1109 319 25

434 483 437 492 ,
549 413 652 482 nvn.
693 397 696 404 ’

134 522 288 608 Qualem,
311 522 441 602 Flacce,
465 523 564 590 velim
588 521 718 608 quaeris
741 521 884 589 nolimve
907 523 1073 610 puellam?

179 611 267 678 Nolo
290 611 390 679 nimis
413 610 544 678 facilem
569 611 799 698 difficilemque
821 611 930 678 nimis.

132 700 221 766 Illud
229 702 315 786 quod
325 700 466 766 medium
477 705 527 766 est
537 707 634 787 atque
644 702 909 787 interutrumque
918 699 1108 787 probamus:

182 789 254 857 Nec
277 791 353 857 volo
378 790 465 877 quod
489 791 625 876 cruciat,
647 811 706 856 nee
730 791 804 856 volo
829 789 915 878 quod
938 789 1047 856 satiat.

541 931 660 998 LVIII.

134 1039 231 1106 Milia
253 1063 313 1126 pro
335 1060 438 1126 puero
463 1013 593 1106 centum
616 1061 668 1106 me
693 1060 812 1128 mango
836 1037 999 1127 poposcit:

180 1129 254 1194 Risi
277 1150 354 1214 ego,
377 1123 434 1195 se'd
458 1128 608 1194 Phoebus
632 1130 781 1214 protinus
805 1129 865 1194 illa
887 1126 983 1194 dedit

134 1219 210 1284 Hoc
234 1219 322 1284 dolet
346 1221 380 1283 et
403 1218 549 1303 queritur
573 1217 612 1284 de
636 1240 687 1284 me
711 1239 785 1283 mea
808 1217 955 1284 mentula
978 1235 1087 1281 secum

180 1307 415 1392 Laudaturque
438 1328 544 1372 meam
566 1305 718 1373 Phoebus
741 1306 776 1372 in
798 1305 963 1372 invidiam.

13 1395 14 1398 '
107 1396 203 1464 essed
227 1395 450 1462 sestertiolum
473 1395 609 1462 donavit
632 1395 778 1462 mentula
800 1393 932 1464 Phoebo

182 1485 240 1551 Bis
263 1485 383 1553 decies:
406 1485 469 1552 hoo
492 1484 534 1549 da
556 1489 594 1550 tu
617 1485 712 1569 mihi,
734 1484 838 1570 pluris
862 1505 978 1550 emam.

135 1753 208 1826 Dat
229 1750 355 1818 Baiana
377 1750 460 1816 mihi
483 1643 681 1836 quaddddtes
705 1751 854 1837 sportula
877 1752 1016 1817 centum.

182 1841 273 1906 Inter
297 1839 430 1906 delicias
453 1840 531 1924 quid
553 1840 636 1906 facit
655 1841 721 1906 ista
743 1839 870 1906 fames?

13 2015 14 2018 Ἴ
127 1927 251 1998 Redde
274 1928 478 2015 Lupivnobis
502 1929 740 2014 tenebrosaque
763 1925 1027 2011 balnea-Grylli:

183 2019 267 2084 Tam
291 2017 377 2083 male
400 2039 474 2083 eum
498 2039 623 2103 cenem,
650 2040 707 2084 our
732 2018 828 2104 bene,
850 2015 979 2100 Flacca,
1001 2011 1112 2080 laver?

575 2175 641 2243 LX.
755 2166 843 2178 ”

134 2286 247 2352 Intres
271 2283 384 2370 ampla
405 2283 483 2350 licet
505 2284 593 2349 torvi
616 2283 709 2370 lepus
734 2306 792 2350 ora
814 2283 934 2370 leonis,

184 2375 269 2440 Esse
292 2377 404 2438 tamen
426 2395 529 2439 vacuo
554 2394 588 2437 se
610 2373 662 2438 leo
687 2373 781 2438 dente
803 2377 908 2458 putat.

137 2461 236 2542 Quod
254 2466 329 2528 ruet
351 2463 386 2527 in
404 2465 535 2548 tergum
554 2462 606 2526 vel
625 2481 706 2546 quos
725 2462 917 2546 procumbet
934 2461 969 2526 in
988 2483 1113 2545 armos,

185 2551 266 2618 Alta
289 2552 500 2616 iuvencorum
523 2550 660 2615 vulnera
680 2551 762 2636 liget
784 2550 864 2615 ubi?

109 2641 228 2719 souin
245 2640 371 2705 frustra
389 2661 561 2706 nemorum
581 2639 747 2704 dominum
772 2659 945 2726 regemque
967 2637 1112 2727 fatigas?

186 2727 263 2796 Non
283 2728 350 2794 nisi
372 2727 504 2794 delecta·
520 2727 666 2813 pascitur
688 2727 746 2792 ille
768 2727 847 2794 fera.
950 2779 953 2784 .

565 2885 650 2953 nur.
768 2867 770 2870 ’

136 2995 275 3064 Verona
297 2994 385 3061 docti
408 2994 555 3080 syllabas
579 2997 670 3060 amat
692 2991 794 3079 vatis,

186 3085 323 3150 Marone
345 3083 426 3150 felix
448 3083 585 3149 Mantua
608 3087 673 3168 est,

138 3173 301 3242 Censetur
324 3174 442 3258 Apono
464 3172 558 3238 Livio
583 3194 641 3238 suo
666 3171 763 3237 tellus

186 3261 355 3348 Stellaque
377 3283 437 3328 nee
460 3259 578 3327 Flacco
601 3261 724 3344 minus,

109 3351 346 3439 oApollodoro
369 3351 499 3437 plaudit
522 3350 670 3416 imbrifer
693 3347 805 3434 Nilus,

185 3438 320 3506 Nasone
342 3438 493 3526 Paeligni
516 3443 650 3524 sonant,

13 3581 14 3584 ,
138 3530 297 3614 Duosque
321 3527 460 3595 Senecas
484 3529 680 3614 unicumque
702 3526 870 3594 Lucanum
941 3559 942 3562 ¹

183 3616 338 3686 Facunda
362 3617 508 3706 loquitur
531 3615 697 3712 Corduba,
