2596 4032
173 205 238 280 308
500 207 858 288 aemulamina

651 371 710 440 III.

217 481 331 550 Omnis
354 481 389 547 in
411 481 473 547 hoc
496 480 614 568 gracili
636 479 826 546 Xaurosuu
849 478 948 544 turba
970 477 1085 546 libello

261 569 435 638 Constabit
458 569 601 636 nummis
624 573 778 654 quattuor
801 571 911 652 empta
934 567 1004 634 tibi
1103 652 1105 657 Α

218 658 379 738 Quattuor
402 664 454 724 ast
475 658 635 724 nimium?
658 657 780 742 poterit
803 661 953 724 constare
977 656 1120 736 duobus,

260 747 305 814 Et
326 747 427 814 faciet
449 748 575 814 lucrum
598 745 781 832 bibliopola
803 744 989 830 Tayphon„

191 835 308 904 oHaeo
330 836 407 902 lieet
429 835 615 922 hospitibus
632 857 698 922 pro
722 855 855 900 munere
878 832 1018 899 disticha
1040 833 1177 913 mittas,

262 922 296 990 Si
318 925 380 990 tibi
404 929 472 990 tam
495 946 603 1009 rarus,
626 945 723 1008 quam
746 922 843 1007 mihi,
864 943 1017 988 nummus
1041 923 1112 988 erit.

219 1011 338 1078 Addita
360 1035 418 1098 per
440 1013 555 1078 titulos
579 1034 639 1078 sua
660 1010 794 1078 nomina
816 1011 914 1077 rebus
937 1010 1088 1076 habebis:

261 1101 464 1186 praetereas,
488 1101 516 1166 si
540 1099 618 1186 quid
639 1121 707 1166 non
728 1099 809 1166 10011
831 1099 872 1166 ad
895 1099 1110 1168 stomachum.

598 1239 655 1308 IV.
686 1241 759 1308 Tus.

217 1344 314 1412 Serus
336 1350 374 1411 ut
398 1345 561 1412 aetheriae
586 1344 800 1412 Germanicus
824 1346 962 1434 imperet
986 1346 1078 1412 aulae

261 1433 369 1520 thue
392 1433 446 1500 diu
470 1435 583 1519 terris,
605 1434 647 1500 da
669 1434 726 1520 pia¹
747 1438 823 1502 tura
845 1433 926 1501 Iovi.

563 1589 633 1657 .V.
663 1589 768 1674 Piper.

217 1695 318 1763 Cerea
340 1719 424 1783 quae
446 1697 560 1782 patulo
584 1697 671 1764 lucet
695 1696 832 1764 ficedula
855 1699 981 1784 lumbo,

261 1784 342 1853 (lum
365 1787 428 1851 tibi
450 1789 539 1853 sorte
563 1785 671 1866 datur,
695 1787 725 1853 si
747 1787 850 1874 sapis,
874 1787 955 1854 adde
977 1789 1079 1875 piper.
1196 1817 1202 1849 ι

583 1942 642 2011 VI.
673 1944 777 2011 Alica.

197 2023 287 2117 'Nos
309 2050 440 2134 alicam,
462 2029 585 2136 poterit
607 2029 750 2118 mulsum
774 2051 837 2118 tibi
859 2033 1110 2120 mitteradires.
1151 2034 1165 2084 ¹

262 2135 298 2204 Si
319 2137 383 2203 tibi
404 2137 546 2204 noluerit
569 2141 700 2206 mittere
724 2140 827 2222 dives,
850 2163 947 2208 emes.

574 2297 649 2364 vu.
676 2299 777 2366 raca.
848 2271 850 2276 ’

219 2397 254 2467 si
277 2404 404 2486 spumet
427 2402 526 2468 rubra
550 2403 682 2470 conchis
705 2406 767 2470 tibi
789 2405 913 2492 pallida
934 2411 1034 2493 10010,
1094 2422 1104 2438 '

260 2485 439 2554 Lautorum
463 2489 549 2555 cenis
574 2512 670 2578 saepe
693 2514 813 2580 negare
835 2499 941 2580 potes.

579 2649 670 2717 VIII.
696 2639 777 2718 Far.

216 2751 329 2818 Imbue
352 2753 495 2839 plebeias
519 2753 662 2822 Clusinis
685 2759 833 2842 pultibus
856 2761 955 2846 01100,
1079 2805 1083 2814 ,

261 2839 307 2906 Ut
331 2845 423 2906 satur
444 2844 480 2908 in
501 2845 613 2910 vacuis
637 2846 742 2913 dulcia
765 2853 875 2915 musta
897 2851 1001 2916 bibas.

592 3001 648 3069 IX
675 2981 769 3102 Lares

217 3104 336 3188 Accipe
360 3104 534 3193 Niliacam,
557 3105 688 3174 Pelusia
711 3133 858 3196 munera,
881 3113 1017 3180 lentem:

261 3188 374 3298 Viliorp
392 3201 442 3262 001
465 3197 562 3282 01100,
585 3198 689 3263 carior
712 3199 771 3265 illa
793 3199 879 3267 faba

583 3355 622 3422 X.
650 3355 773 3424 sintita.

216 3456 285 3524 Nee
308 3459 399 3528 dotas
423 3461 550 3528 similae
573 3464 680 3548 possis
703 3488 873 3534 numerare
896 3489 956 3534 uec
979 3490 1070 3553 usus²

259 3545 380 3612 Pistori
403 3550 525 3616 totiens
549 3573 622 3617 cum
646 3553 689 3617 011
712 3559 745 3618 01
768 3560 846 3641 apta
870 3577 956 3622 coco.
