2610 4048
374 247 673 306 urrunnuuluou
694 247 763 306 um.
783 249 804 305 1.
1057 249 1099 320 37

123 411 196 477 Otia
221 411 265 478 da
287 411 398 496 nobis,
422 411 478 477 s‘ed
503 413 613 498 qualia
637 413 759 479 iecerat
782 412 863 479 olim

163 501 338 567 Maecenas
361 499 480 572 Flaceo
503 501 718 590 Vergilioque
742 523 816 569 suo:

101 587 270 655 500ndere
294 590 438 656 victuras
462 593 620 676 temptem
644 614 702 678 per
726 591 857 658 saecula
879 611 974 657 eures

164 679 211 744 Et
234 700 356 744 nomen
377 678 519 745 flammis
543 681 701 765 eripuisse
724 701 841 746 meum.

124 764 160 831 ln
184 768 316 832 steriles
339 769 457 834 nolunt
479 791 614 854 campos
637 770 716 856 iuga
739 769 823 836 ferre
846 768 988 834 iuvenci:

165 856 296 944 Pingue
321 857 428 922 sulum
453 857 573 944 lassat,
597 858 653 924 sed
676 859 769 924 iuvat
791 858 862 945 ipse
886 857 988 941 labor.

531 997 650 1066 CVIII.

125 1087 671 1173 Esttibi-sitquepreeormultos
682 1091 869 1174 crescatque
879 1109 937 1174 per
948 1107 1101 1154 annos—-

164 1176 314 1242 Pulchra
337 1177 481 1262 quidem,
505 1198 618 1243 verum
641 1177 877 1243 transtiberina
900 1176 1028 1242 domus:

125 1265 168 1330 At
191 1287 269 1331 mea
292 1263 457 1352 Vipsanas
481 1270 632 1352 spectant
654 1267 809 1332 cenacula
831 1267 957 1350 laurus,

166 1354 290 1420 Faetus
314 1353 350 1420 in
371 1354 433 1420 hae
457 1376 520 1442 ego
544 1377 615 1420 rum
638 1355 705 1424 iam
729 1353 862 1441 regiona
886 1361 993 1420 senei.

103 1442 337 1530 elligrandum
360 1447 424 1526 est,
446 1451 484 1509 ut
502 1465 597 1508 mane
617 1442 704 1510 domi
728 1449 774 1528 te,
793 1441 900 1528 Galle,
924 1443 1079 1509 salutern:

167 1534 234 1599 Est
257 1532 356 1617 tanti,
378 1532 432 1598 vel
455 1533 484 1597 si
506 1533 638 1619 longius
661 1533 720 1598 illa
743 1532 838 1600 foret.

128 1619 186 1687 Sed
205 1621 272 1686 tibi
290 1643 357 1687 non
375 1621 514 1686 multum
534 1625 598 1704 est,
617 1643 717 1686 unum
738 1622 766 1686 si
784 1624 917 1707 praesto
937 1622 1102 1706 togatum:

167 1710 316 1776 Multum
339 1713 403 1794 est,
425 1708 510 1776 hune
533 1731 635 1776 unum
659 1711 687 1775 si
711 1707 933 1796 mihi‚Ga11e,
955 1728 1051 1795 nego.
1146 1749 1150 1756 -

127 1797 198 1885 Ipse
225 1798 380 1864 salutabo
404 1798 530 1864 decima
552 1802 585 1864 te
609 1797 738 1884 saepius
762 1798 857 1864 hora:
898 1865 900 1869 ,

92 1904 119 1952 ιο
170 1889 269 1954 Mane
294 1887 357 1954 tibi
379 1908 439 1972 pro
463 1908 515 1951 me
540 1888 625 1954 dicet
647 1905 791 1954 unvano
814 1887 907 1952 liber.

555 2008 639 2077 clx.

129 2097 752 2186 wfflwmmmfflffl

129 2189 198 2256 Issa
222 2195 276 2256 est
298 2189 411 2274 purior
435 2189 545 2254 osculo
569 2188 754 2272 columbae,

128 2277 198 2345 Issa
222 2283 276 2344 est
298 2276 450 2344 blandior
474 2277 627 2342 omnibus
649 2275 783 2362 puellis,

130 2366 199 2434 issa
222 2371 277 2434 est
299 2367 405 2433 carior
427 2363 548 2432 Indicis
572 2365 710 2450 lapillis,

107 2456 198 2524 alssa
222 2460 277 2523 est
300 2455 436 2521 deliciae
459 2455 578 2520 catella
599 2453 706 2520 Publi.

130 2545 223 2613 Hane
247 2550 300 2625 tu,
324 2545 353 2610 si
376 2543 537 2630 queritur,
560 2542 651 2627 loqui
674 2541 821 2628 putabis3

131 2634 238 2702 Sentit
259 2635 499 2718 tristitiamque
523 2631 751 2718 gaudiumque.
857 2641 860 2645 '

132 2723 224 2792 Oullo
247 2724 328 2789 nixa
350 2722 450 2790 cubat
472 2722 624 2806 capitque
646 2741 795 2805 somnos,

130 2811 176 2880 Ut
199 2813 346 2898 suspiria
368 2810 463 2876 nulla
485 2810 685 2893 sentiantur;

94 2903 175 2974 10Et
198 2901 362 2970 desiderio
386 2903 500 2965 coacta
522 2899 647 2964 ventris

134 2991 236 3059 Gutta
260 2989 364 3076 pallia
385 3009 453 3054 non
475 2985 595 3052 fefellit
617 2987 697 3072 ulla,

134 3080 195 3148 Sed
218 3078 342 3145 blando
366 3077 447 3164 pede
471 3077 608 3142 suscitat
631 3080 769 3162 toroque

132 3168 261 3256 Deponi
285 3171 398 3236 monet
421 3171 455 3232 et
477 3169 577 3253 rogat
599 3163 711 3230 levari

134 3258 253 3326 Castae
276 3259 389 3324 tantus
412 3258 499 3323 inest
522 3254 628 3341 pudor
651 3253 801 3340 catellae,

96 3366 124 3414 15
133 3349 268 3433 Ignorat
291 3345 471 3432 Venerem3
492 3366 553 3411 nee
576 3343 759 3410 invenimus

134 3439 278 3528 Dignum
302 3441 373 3504 tam
396 3439 509 3501 tenera
532 3434 641 3501 vuum
664 3431 783 3517 puella.

134 3525 228 3594 Hane
251 3547 291 3591 ne
311 3525 373 3590 lux
395 3525 504 3610 rapiat
527 3543 679 3610 suprema
702 3524 823 3606 totam,

134 3615 226 3684 Picta
250 3614 388 3680 Publius
412 3612 567 3700 exprimit
590 3610 757 3716 tabellap
