2596 4034
175 183 242 252 184
414 171 416 176 ’
483 169 544 240 ἰι
562 178 647 237 ιιι.
666 176 868 236 aramme
913 250 919 260 ,

129 423 149 431 Ἰ
218 451 325 540 Regia
347 450 567 540 pyramidum,
590 318 907 533 Offiwmiraaula
929 447 1013 534 ride3

263 541 336 609 Iam
356 545 445 608 teoat
466 541 574 606 Eoum
597 539 739 605 barbara
760 538 923 626 Memphis
948 558 1044 624 opust

219 629 301 698 Pars
325 635 426 716 quota
448 628 644 696 Parrhasiae
665 627 760 694 labor
783 633 833 694 est
849 563 1050 694 Mareoticus
1075 626 1194 692 aulae?

265 717 426 786 Clarius
415 741 452 784 ιιι
474 721 546 784 ιοιο
568 716 617 783 nil
640 715 729 782 videt
753 717 832 783 orba
855 717 934 784 dies.

157 836 165 842 ·
194 805 287 894 oSep
288 811 382 874 tenos
404 807 491 892 parit
493 829 528 872 er
476 804 662 873 toredas
687 827 858 892 assurgere
881 809 1023 889 montes,

264 831 508 1050 l'I'hessaliourn
508 895 645 1050 rbrevior
666 891 783 960 Pelion
806 893 890 961 Ossa
912 895 1005 978 tulit3

220 983 415 1052 Aethera
388 985 494 1050 sroin
595 982 709 1051 nitidis
733 986 771 1049 ut
794 983 943 1050 conditus
967 944 1063 1050 aitris

265 1071 425 1148 Inferiore
447 989 545 1140 toriei
545 987 649 1140 tiiuba
672 1093 806 1138 serenus
830 1094 912 1160 apex

220 1161 268 1230 Iit
289 1161 380 1248 prius
404 1184 524 1229 arcano
548 1161 685 1230 satietur
706 1161 839 1227 numine
861 1160 1001 1245 Phoebi,

178 1267 212 1318 ιο
265 1249 440 1318 Nascentis
464 1250 556 1319 Oiroe
580 1272 678 1336 quam
701 1249 791 1317 ridet
814 1273 873 1318 ora
895 1211 1023 1336 patrii.-

221 1338 312 1406 Haeo
316 1340 480 1428 ,tAugus
481 1363 512 1426 e,
535 1344 660 1426 tamen,
688 1361 770 1424 qnae
793 1339 914 1406 vertice
938 1339 1044 1405 sidera
1066 1337 1199 1424 pulsat,

266 1427 331 1495 Par
354 1428 544 1496 domust
493 1433 544 1496 ast
566 1429 670 1514 eaelo,
694 1427 751 1494 sed
773 1429 880 1529 minor
903 1432 953 1495 est
938 1427 1117 1550 tdomino

604 1567 771 1637 XXXVII.
875 1633 877 1636 .

223 1675 316 1754 Quod
338 1673 495 1743 Caietano
518 1676 638 1762 reddis,
660 1675 889 1762 Polycharme,
911 1675 1066 1761 tabellas,

267 1763 361 1830 Milia
383 1769 416 1830 te
439 1770 570 1831 eentum
591 1787 671 1830 num
689 1765 844 1831 tribuisse
862 1767 979 1850 putas?
1185 1801 1191 1836 ι

222 1853 365 1940 „Debuit
376 1853 494 1918 haeo“'
484 1853 602 1940 mquis
621 1853 696 1918 Tibi
709 1853 794 1920 habe
794 1853 1037 1941 ,Polycharma
1051 1853 1202 1972 tabellas

267 1942 314 2008 Et
337 1939 493 2009 Caietano
517 1943 610 2008 milia
633 1941 727 2009 crede
750 1942 823 2010 duo.
1145 2017 1159 2069 x

594 2100 776 2167 XXXVIII.

224 2207 332 2295 ouip
333 2211 441 2274 raesta
442 2207 602 2294 tpietate
625 2206 784 2292 pertinaci

224 2232 365 2364 Sensuro
388 2297 474 2362 bona
497 2295 718 2379 liberalitatis,

225 2385 293 2472 Cep
295 2389 344 2452 tet
366 2385 463 2452 forsit
448 2389 506 2453 tan
529 2389 586 2450 aut
608 2386 714 2450 ricem
737 2387 900 2470 reposcet:

224 2475 271 2540 At
256 2475 323 2540 tsi
346 2475 417 2561 quis
441 2473 517 2539 dare
539 2473 663 2540 nomini
686 2474 800 2538 relicto

198 2563 305 2631 οΡοιι
326 2585 438 2630 manes
461 2563 686 2648 tumulumque
709 2568 909 2650 perseverat,

226 2653 362 2731 Quaerit
384 2652 474 2739 quid,
498 2651 563 2716 nisi
585 2651 714 2736 parcius
739 2650 869 2718 dolere?

225 2741 339 2808 Refert
362 2741 407 2806 sis
430 2742 549 2824 bonus,
574 2761 616 2804 an
638 2739 718 2804 velis
741 2740 854 2807 videri.

153 2889 155 2893 .
224 2829 378 2896 Praestas
401 2830 476 2913 hoo,
498 2828 628 2912 Melior,
651 2829 771 2894 sciente
794 2829 896 2913 fama,

226 2918 290 2996 Qui
313 2918 525 2985 sollemnibus
550 2917 663 2982 anxius
688 2918 808 3002 sepulti

181 3026 215 3075 10
225 3005 354 3074 Nomen
376 3029 443 3073 non
467 3007 618 3072 sinist
569 3006 618 3070 int
619 3006 701 3071 erire
714 3006 844 3098 Blaesi,

164 3170 167 3176 ,
224 3096 271 3162 Ει
294 3095 332 3161 de
356 3095 508 3162 munifica
531 3094 683 3181 profusus
707 3087 783 3160 arca

225 3183 277 3250 Ad
300 3185 489 3293 natalicium
514 3185 597 3249 diem
623 3183 793 3250 colendum

226 3259 414 3339 Scribarum
438 3273 575 3339 memori
598 3273 774 3358 piaequet
759 3273 876 3339 turbae

226 3360 320 3438 Quod
343 3363 458 3445 donas,
480 3361 594 3426 facis
584 3383 654 3513 ipse
678 3359 922 3428 Blaesianum.

183 3449 298 3516 15Hoo
321 3413 495 3536 longurrit
481 3450 557 3533 tibi,
579 3449 648 3514 vita
672 3450 749 3516 dum
772 3449 948 3538 manebit,'

121 3615 123 3619 Α
226 3536 300 3604 Ηοο
322 3542 454 3624 etpost
477 3539 599 3604 eineres
624 3538 686 3603 erit
710 3539 877 3606 tributum
