<?xml version="1.0" encoding="UTF-8"?>
<!DOCTYPE html PUBLIC "-//W3C//DTD XHTML 1.0 Transitional//EN"
    "http://www.w3.org/TR/xhtml1/DTD/xhtml1-transitional.dtd">
<html xmlns="http://www.w3.org/1999/xhtml" xml:lang="en" lang="en">
 <head>
  <title>
</title>
<meta http-equiv="Content-Type" content="text/html;charset=utf-8" />
  <meta name='ocr-system' content='tesseract 3.04.00' />
  <meta name='ocr-capabilities' content='ocr_page ocr_carea ocr_par ocr_line ocrx_word'/>
</head>
<body>
  <div class='ocr_page' id='page_1' title='image "./epigrammatonlib03martgoog_0137.png"; bbox 0 0 2528 4038; ppageno 0'>
   <div class='ocr_carea' id='block_1_1' title="bbox 191 165 962 276">
    <p class='ocr_par' dir='ltr' id='par_1_1' title="bbox 191 165 962 276">
     <span class='ocr_line' id='line_1_1' title="bbox 191 165 962 276; baseline -0.019 0"><span class='ocrx_word' id='word_1_1' title='bbox 191 208 236 276; x_wconf 81' lang='grc'><strong>96</strong></span> <span class='ocrx_word' id='word_1_2' title='bbox 520 207 560 266; x_wconf 79' lang='lat' dir='ltr'><strong>u.</strong></span> <span class='ocrx_word' id='word_1_3' title='bbox 581 206 660 266; x_wconf 82' lang='lat' dir='ltr'><strong>vau.</strong></span> <span class='ocrx_word' id='word_1_4' title='bbox 679 203 877 264; x_wconf 76' lang='lat' dir='ltr'><strong>manmena</strong></span> <span class='ocrx_word' id='word_1_5' title='bbox 959 165 962 174; x_wconf 73' lang='grc'><strong>’</strong></span> 
     </span>
    </p>
   </div>
   <div class='ocr_carea' id='block_1_2' title="bbox 235 367 1185 566">
    <p class='ocr_par' dir='ltr' id='par_1_2' title="bbox 235 367 1185 566">
     <span class='ocr_line' id='line_1_2' title="bbox 235 367 1185 566; baseline -0.002 -22"><span class='ocrx_word' id='word_1_6' title='bbox 235 475 345 561; x_wconf 86' lang='lat' dir='ltr'><strong>Hunc,</strong></span> <span class='ocrx_word' id='word_1_7' title='bbox 368 499 463 564; x_wconf 87' lang='lat' dir='ltr'><strong>quem</strong></span> <span class='ocrx_word' id='word_1_8' title='bbox 488 499 584 566; x_wconf 88' lang='lat' dir='ltr'><strong>saepe</strong></span> <span class='ocrx_word' id='word_1_9' title='bbox 606 367 808 544; x_wconf 50' lang='lat' dir='ltr'><strong>uidldlllrtm</strong></span> <span class='ocrx_word' id='word_1_10' title='bbox 830 433 1014 562; x_wconf 85' lang='lat' dir='ltr'><strong>penetralia</strong></span> <span class='ocrx_word' id='word_1_11' title='bbox 1036 441 1185 544; x_wconf 80' lang='lat' dir='ltr'><strong>nostrae</strong></span> 
     </span>
    </p>
   </div>
   <div class='ocr_carea' id='block_1_3' title="bbox 210 562 1257 1184">
    <p class='ocr_par' dir='ltr' id='par_1_3' title="bbox 210 562 1257 1184">
     <span class='ocr_line' id='line_1_3' title="bbox 279 562 1038 654; baseline -0.003 -22"><span class='ocrx_word' id='word_1_12' title='bbox 279 565 434 632; x_wconf 79' lang='lat' dir='ltr'><strong>Pallados</strong></span> <span class='ocrx_word' id='word_1_13' title='bbox 458 569 492 633; x_wconf 89' lang='lat' dir='ltr'><strong>et</strong></span> <span class='ocrx_word' id='word_1_14' title='bbox 513 565 637 654; x_wconf 86' lang='lat' dir='ltr'><strong>templi.</strong></span> <span class='ocrx_word' id='word_1_15' title='bbox 653 565 782 648; x_wconf 86' lang='lat' dir='ltr'><strong>limina,</strong></span> <span class='ocrx_word' id='word_1_16' title='bbox 806 562 937 650; x_wconf 84' lang='lat' dir='ltr'><strong>Cosme,</strong></span> <span class='ocrx_word' id='word_1_17' title='bbox 959 565 1038 632; x_wconf 82' lang='lat' dir='ltr'><strong>novi</strong></span> 
     </span>
     <span class='ocr_line' id='line_1_4' title="bbox 236 653 1154 742; baseline -0.002 -20"><span class='ocrx_word' id='word_1_18' title='bbox 236 653 319 722; x_wconf 79' lang='lat' dir='ltr'><strong>Cum</strong></span> <span class='ocrx_word' id='word_1_19' title='bbox 342 653 460 720; x_wconf 90' lang='lat' dir='ltr'><strong>baculo</strong></span> <span class='ocrx_word' id='word_1_20' title='bbox 483 676 625 742; x_wconf 91' lang='lat' dir='ltr'><strong>peraque</strong></span> <span class='ocrx_word' id='word_1_21' title='bbox 649 675 774 739; x_wconf 87' lang='lat' dir='ltr'><strong>senem,</strong></span> <span class='ocrx_word' id='word_1_22' title='bbox 797 653 849 720; x_wconf 89' lang='lat' dir='ltr'><strong>oui</strong></span> <span class='ocrx_word' id='word_1_23' title='bbox 872 675 954 720; x_wconf 87' lang='lat' dir='ltr'><strong>cana</strong></span> <span class='ocrx_word' id='word_1_24' title='bbox 976 653 1154 741; x_wconf 87' lang='lat' dir='ltr'><strong>putrisque</strong></span> 
     </span>
     <span class='ocr_line' id='line_1_5' title="bbox 281 740 1133 829; baseline 0 -21"><span class='ocrx_word' id='word_1_25' title='bbox 281 740 356 808; x_wconf 85' lang='lat' dir='ltr'><strong>Stat</strong></span> <span class='ocrx_word' id='word_1_26' title='bbox 379 763 472 810; x_wconf 89' lang='lat' dir='ltr'><strong>coma</strong></span> <span class='ocrx_word' id='word_1_27' title='bbox 495 748 529 809; x_wconf 91' lang='lat' dir='ltr'><strong>et</strong></span> <span class='ocrx_word' id='word_1_28' title='bbox 552 743 586 809; x_wconf 92' lang='lat' dir='ltr'><strong>in</strong></span> <span class='ocrx_word' id='word_1_29' title='bbox 610 747 722 829; x_wconf 87' lang='lat' dir='ltr'><strong>peetus</strong></span> <span class='ocrx_word' id='word_1_30' title='bbox 746 741 878 808; x_wconf 85' lang='lat' dir='ltr'><strong>sordida</strong></span> <span class='ocrx_word' id='word_1_31' title='bbox 900 743 1002 808; x_wconf 86' lang='lat' dir='ltr'><strong>barba</strong></span> <span class='ocrx_word' id='word_1_32' title='bbox 1025 743 1133 828; x_wconf 88' lang='lat' dir='ltr'><strong>cadit,</strong></span> 
     </span>
     <span class='ocr_line' id='line_1_6' title="bbox 210 827 1233 918; baseline 0.001 -21"><span class='ocrx_word' id='word_1_33' title='bbox 210 827 338 897; x_wconf 82' lang='lat' dir='ltr'><strong>cCerea</strong></span> <span class='ocrx_word' id='word_1_34' title='bbox 361 853 458 916; x_wconf 89' lang='lat' dir='ltr'><strong>quem</strong></span> <span class='ocrx_word' id='word_1_35' title='bbox 480 831 560 898; x_wconf 86' lang='lat' dir='ltr'><strong>nudi</strong></span> <span class='ocrx_word' id='word_1_36' title='bbox 582 832 668 918; x_wconf 87' lang='lat' dir='ltr'><strong>tegit</strong></span> <span class='ocrx_word' id='word_1_37' title='bbox 689 851 772 898; x_wconf 88' lang='lat' dir='ltr'><strong>uxor</strong></span> <span class='ocrx_word' id='word_1_38' title='bbox 795 831 907 898; x_wconf 89' lang='lat' dir='ltr'><strong>abolla</strong></span> <span class='ocrx_word' id='word_1_39' title='bbox 930 831 1078 918; x_wconf 75' lang='lat' dir='ltr'><strong>grabati,</strong></span> <span class='ocrx_word' id='word_1_40' title='bbox 1231 867 1233 872; x_wconf 96' lang='lat'>·</span> 
     </span>
     <span class='ocr_line' id='line_1_7' title="bbox 281 917 1121 1004; baseline 0 -18"><span class='ocrx_word' id='word_1_41' title='bbox 281 917 343 986; x_wconf 81' lang='lat' dir='ltr'><strong>cni</strong></span> <span class='ocrx_word' id='word_1_42' title='bbox 365 919 423 986; x_wconf 88' lang='lat' dir='ltr'><strong>dat</strong></span> <span class='ocrx_word' id='word_1_43' title='bbox 444 921 584 988; x_wconf 86' lang='lat' dir='ltr'><strong>latratos</strong></span> <span class='ocrx_word' id='word_1_44' title='bbox 607 921 706 988; x_wconf 84' lang='lat' dir='ltr'><strong>obvie</strong></span> <span class='ocrx_word' id='word_1_45' title='bbox 728 920 837 986; x_wconf 86' lang='lat' dir='ltr'><strong>turba</strong></span> <span class='ocrx_word' id='word_1_46' title='bbox 850 920 955 1004; x_wconf 85' lang='lat' dir='ltr'><strong>cibos,</strong></span> <span class='ocrx_word' id='word_1_47' title='bbox 1118 938 1121 942; x_wconf 84' lang='lat'>·</span> 
     </span>
     <span class='ocr_line' id='line_1_8' title="bbox 235 1006 1088 1096; baseline 0.006 -23"><span class='ocrx_word' id='word_1_48' title='bbox 235 1007 320 1074; x_wconf 78' lang='lat' dir='ltr'><strong>Esse</strong></span> <span class='ocrx_word' id='word_1_49' title='bbox 342 1011 440 1095; x_wconf 87' lang='lat' dir='ltr'><strong>putas</strong></span> <span class='ocrx_word' id='word_1_50' title='bbox 464 1006 624 1094; x_wconf 83' lang='lat' dir='ltr'><strong>Cynicum</strong></span> <span class='ocrx_word' id='word_1_51' title='bbox 647 1009 802 1094; x_wconf 87' lang='lat' dir='ltr'><strong>deceptus</strong></span> <span class='ocrx_word' id='word_1_52' title='bbox 826 1008 970 1096; x_wconf 75' lang='lat' dir='ltr'><strong>imagine</strong></span> <span class='ocrx_word' id='word_1_53' title='bbox 992 1007 1088 1078; x_wconf 87' lang='lat' dir='ltr'><strong>ficta:</strong></span> 
     </span>
     <span class='ocr_line' id='line_1_9' title="bbox 280 1094 1257 1184; baseline 0.002 -22"><span class='ocrx_word' id='word_1_54' title='bbox 280 1095 357 1162; x_wconf 92' lang='lat' dir='ltr'><strong>Non</strong></span> <span class='ocrx_word' id='word_1_55' title='bbox 380 1101 432 1163; x_wconf 87' lang='lat' dir='ltr'><strong>est</strong></span> <span class='ocrx_word' id='word_1_56' title='bbox 453 1097 508 1164; x_wconf 91' lang='lat' dir='ltr'><strong>hie</strong></span> <span class='ocrx_word' id='word_1_57' title='bbox 530 1095 686 1184; x_wconf 75' lang='lat' dir='ltr'><strong>Cynicae,</strong></span> <span class='ocrx_word' id='word_1_58' title='bbox 709 1094 841 1164; x_wconf 83' lang='lat' dir='ltr'><strong>Cosme:</strong></span> <span class='ocrx_word' id='word_1_59' title='bbox 869 1096 947 1183; x_wconf 87' lang='lat' dir='ltr'><strong>quid</strong></span> <span class='ocrx_word' id='word_1_60' title='bbox 970 1099 1075 1184; x_wconf 79' lang='lat' dir='ltr'><strong>ergo?</strong></span> <span class='ocrx_word' id='word_1_61' title='bbox 1105 1097 1213 1168; x_wconf 80' lang='lat' dir='ltr'><strong>Oanis.</strong></span> <span class='ocrx_word' id='word_1_62' title='bbox 1254 1109 1257 1114; x_wconf 85' lang='lat'>&#39;</span> 
     </span>
    </p>
   </div>
   <div class='ocr_carea' id='block_1_4' title="bbox 658 1255 802 1324">
    <p class='ocr_par' dir='ltr' id='par_1_4' title="bbox 658 1255 802 1324">
     <span class='ocr_line' id='line_1_10' title="bbox 658 1255 802 1324; baseline -0.014 0"><span class='ocrx_word' id='word_1_63' title='bbox 658 1255 744 1324; x_wconf 86' lang='lat' dir='ltr'>LIV.</span> <span class='ocrx_word' id='word_1_64' title='bbox 800 1258 802 1262; x_wconf 80' lang='grc'><strong>’</strong></span> 
     </span>
    </p>
   </div>
   <div class='ocr_carea' id='block_1_5' title="bbox 193 1359 1075 2246">
    <p class='ocr_par' dir='ltr' id='par_1_5' title="bbox 193 1359 1075 2246">
     <span class='ocr_line' id='line_1_11' title="bbox 237 1359 1012 1448; baseline 0 -20"><span class='ocrx_word' id='word_1_65' title='bbox 237 1359 265 1428; x_wconf 95' lang='lat'>0</span> <span class='ocrx_word' id='word_1_66' title='bbox 290 1360 342 1428; x_wconf 90' lang='lat' dir='ltr'><strong>cui</strong></span> <span class='ocrx_word' id='word_1_67' title='bbox 365 1361 520 1448; x_wconf 87' lang='lat' dir='ltr'><strong>Tarpeias</strong></span> <span class='ocrx_word' id='word_1_68' title='bbox 544 1362 638 1430; x_wconf 88' lang='lat' dir='ltr'><strong>licuit</strong></span> <span class='ocrx_word' id='word_1_69' title='bbox 660 1362 851 1448; x_wconf 81' lang='lat' dir='ltr'><strong>contingere</strong></span> <span class='ocrx_word' id='word_1_70' title='bbox 874 1383 1012 1448; x_wconf 89' lang='lat' dir='ltr'><strong>quercus</strong></span> 
     </span>
     <span class='ocr_line' id='line_1_12' title="bbox 281 1448 1047 1538; baseline 0.004 -23"><span class='ocrx_word' id='word_1_71' title='bbox 281 1448 326 1515; x_wconf 80' lang='lat' dir='ltr'><strong>Et</strong></span> <span class='ocrx_word' id='word_1_72' title='bbox 348 1451 482 1518; x_wconf 88' lang='lat' dir='ltr'><strong>meritas</strong></span> <span class='ocrx_word' id='word_1_73' title='bbox 506 1453 612 1538; x_wconf 86' lang='lat' dir='ltr'><strong>prima</strong></span> <span class='ocrx_word' id='word_1_74' title='bbox 634 1451 763 1536; x_wconf 81' lang='lat' dir='ltr'><strong>cingere</strong></span> <span class='ocrx_word' id='word_1_75' title='bbox 785 1449 899 1517; x_wconf 85' lang='lat' dir='ltr'><strong>fronde</strong></span> <span class='ocrx_word' id='word_1_76' title='bbox 923 1472 1047 1536; x_wconf 88' lang='lat' dir='ltr'><strong>comas,</strong></span> 
     </span>
     <span class='ocr_line' id='line_1_13' title="bbox 239 1535 948 1624; baseline 0.003 -20"><span class='ocrx_word' id='word_1_77' title='bbox 239 1535 275 1604; x_wconf 83' lang='lat' dir='ltr'><strong>Si</strong></span> <span class='ocrx_word' id='word_1_78' title='bbox 298 1539 400 1624; x_wconf 87' lang='lat' dir='ltr'><strong>sapis,</strong></span> <span class='ocrx_word' id='word_1_79' title='bbox 423 1542 528 1606; x_wconf 85' lang='lat' dir='ltr'><strong>utaris</strong></span> <span class='ocrx_word' id='word_1_80' title='bbox 551 1541 646 1624; x_wconf 82' lang='lat' dir='ltr'><strong>tolia,</strong></span> <span class='ocrx_word' id='word_1_81' title='bbox 669 1537 812 1622; x_wconf 80' lang='lat' dir='ltr'><strong>Golline,</strong></span> <span class='ocrx_word' id='word_1_82' title='bbox 835 1539 948 1606; x_wconf 87' lang='lat' dir='ltr'><strong>diebus</strong></span> 
     </span>
     <span class='ocr_line' id='line_1_14' title="bbox 281 1625 1040 1714; baseline 0.007 -23"><span class='ocrx_word' id='word_1_83' title='bbox 281 1625 539 1713; x_wconf 69' lang='lat' dir='ltr'><strong>Extremumque</strong></span> <span class='ocrx_word' id='word_1_84' title='bbox 561 1629 622 1694; x_wconf 88' lang='lat' dir='ltr'><strong>tibi</strong></span> <span class='ocrx_word' id='word_1_85' title='bbox 647 1648 775 1712; x_wconf 89' lang='lat' dir='ltr'><strong>semper</strong></span> <span class='ocrx_word' id='word_1_86' title='bbox 799 1627 912 1695; x_wconf 86' lang='lat' dir='ltr'><strong>adesse</strong></span> <span class='ocrx_word' id='word_1_87' title='bbox 934 1633 1040 1714; x_wconf 79' lang='lat' dir='ltr'><strong>putes.</strong></span> 
     </span>
     <span class='ocr_line' id='line_1_15' title="bbox 210 1713 899 1802; baseline 0.003 -22"><span class='ocrx_word' id='word_1_88' title='bbox 210 1713 397 1782; x_wconf 84' lang='lat' dir='ltr'><strong>cLanificas</strong></span> <span class='ocrx_word' id='word_1_89' title='bbox 419 1718 502 1782; x_wconf 91' lang='lat' dir='ltr'><strong>nulli</strong></span> <span class='ocrx_word' id='word_1_90' title='bbox 525 1721 593 1783; x_wconf 90' lang='lat' dir='ltr'><strong>tres</strong></span> <span class='ocrx_word' id='word_1_91' title='bbox 617 1737 750 1783; x_wconf 83' lang='lat' dir='ltr'><strong>exorare</strong></span> <span class='ocrx_word' id='word_1_92' title='bbox 772 1717 899 1802; x_wconf 87' lang='lat' dir='ltr'><strong>puellas</strong></span> 
     </span>
     <span class='ocr_line' id='line_1_16' title="bbox 281 1802 1049 1891; baseline 0 -19"><span class='ocrx_word' id='word_1_93' title='bbox 281 1802 442 1890; x_wconf 77' lang='lat' dir='ltr'><strong>Contigit:</strong></span> <span class='ocrx_word' id='word_1_94' title='bbox 465 1805 643 1872; x_wconf 86' lang='lat' dir='ltr'><strong>observant</strong></span> <span class='ocrx_word' id='word_1_95' title='bbox 665 1827 761 1891; x_wconf 85' lang='lat' dir='ltr'><strong>quern</strong></span> <span class='ocrx_word' id='word_1_96' title='bbox 785 1810 929 1872; x_wconf 88' lang='lat' dir='ltr'><strong>statuere</strong></span> <span class='ocrx_word' id='word_1_97' title='bbox 953 1805 1049 1872; x_wconf 90' lang='lat' dir='ltr'><strong>diem.</strong></span> 
     </span>
     <span class='ocr_line' id='line_1_17' title="bbox 237 1891 1024 1980; baseline 0.004 -22"><span class='ocrx_word' id='word_1_98' title='bbox 237 1891 382 1968; x_wconf 80' lang='lat' dir='ltr'><strong>Divitior</strong></span> <span class='ocrx_word' id='word_1_99' title='bbox 404 1891 535 1980; x_wconf 82' lang='lat' dir='ltr'><strong>Crispo,</strong></span> <span class='ocrx_word' id='word_1_100' title='bbox 557 1893 703 1960; x_wconf 81' lang='lat' dir='ltr'>Thrasea</span> <span class='ocrx_word' id='word_1_101' title='bbox 726 1895 929 1960; x_wconf 73' lang='lat' dir='ltr'><strong>constantior</strong></span> <span class='ocrx_word' id='word_1_102' title='bbox 951 1894 1024 1980; x_wconf 89' lang='lat' dir='ltr'><strong>ipso</strong></span> 
     </span>
     <span class='ocr_line' id='line_1_18' title="bbox 281 1981 943 2050; baseline 0.005 -3"><span class='ocrx_word' id='word_1_103' title='bbox 281 1981 417 2048; x_wconf 88' lang='lat' dir='ltr'><strong>Lautior</strong></span> <span class='ocrx_word' id='word_1_104' title='bbox 440 1986 473 2048; x_wconf 88' lang='lat' dir='ltr'><strong>et</strong></span> <span class='ocrx_word' id='word_1_105' title='bbox 495 1983 600 2050; x_wconf 91' lang='lat' dir='ltr'><strong>nitido</strong></span> <span class='ocrx_word' id='word_1_106' title='bbox 624 1981 670 2048; x_wconf 85' lang='lat' dir='ltr'><strong>ais</strong></span> <span class='ocrx_word' id='word_1_107' title='bbox 693 1981 830 2050; x_wconf 78' lang='lat' dir='ltr'><strong>Meliore</strong></span> <span class='ocrx_word' id='word_1_108' title='bbox 853 1983 943 2050; x_wconf 86' lang='lat' dir='ltr'><strong>lieet:</strong></span> 
     </span>
     <span class='ocr_line' id='line_1_19' title="bbox 236 2068 1075 2157; baseline 0.005 -21"><span class='ocrx_word' id='word_1_109' title='bbox 236 2068 295 2136; x_wconf 87' lang='lat' dir='ltr'><strong>Nil</strong></span> <span class='ocrx_word' id='word_1_110' title='bbox 319 2070 419 2136; x_wconf 88' lang='lat' dir='ltr'><strong>adicit</strong></span> <span class='ocrx_word' id='word_1_111' title='bbox 440 2093 542 2156; x_wconf 90' lang='lat' dir='ltr'><strong>penso</strong></span> <span class='ocrx_word' id='word_1_112' title='bbox 565 2071 720 2138; x_wconf 87' lang='lat' dir='ltr'><strong>Lachesis</strong></span> <span class='ocrx_word' id='word_1_113' title='bbox 743 2071 899 2157; x_wconf 88' lang='lat' dir='ltr'><strong>fusosque</strong></span> <span class='ocrx_word' id='word_1_114' title='bbox 922 2093 1075 2140; x_wconf 86' lang='lat' dir='ltr'><strong>sororum</strong></span> 
     </span>
     <span class='ocr_line' id='line_1_20' title="bbox 193 2157 1042 2246; baseline 0.005 -22"><span class='ocrx_word' id='word_1_115' title='bbox 193 2175 227 2224; x_wconf 87' lang='lat'><strong>10</strong></span> <span class='ocrx_word' id='word_1_116' title='bbox 281 2157 436 2244; x_wconf 81' lang='lat' dir='ltr'><strong>Explicat</strong></span> <span class='ocrx_word' id='word_1_117' title='bbox 458 2164 491 2226; x_wconf 89' lang='lat' dir='ltr'><strong>et</strong></span> <span class='ocrx_word' id='word_1_118' title='bbox 514 2181 643 2246; x_wconf 87' lang='lat' dir='ltr'><strong>semper</strong></span> <span class='ocrx_word' id='word_1_119' title='bbox 665 2159 705 2225; x_wconf 91' lang='lat' dir='ltr'><strong>de</strong></span> <span class='ocrx_word' id='word_1_120' title='bbox 727 2160 834 2226; x_wconf 86' lang='lat' dir='ltr'><strong>tribus</strong></span> <span class='ocrx_word' id='word_1_121' title='bbox 857 2181 922 2228; x_wconf 89' lang='lat' dir='ltr'><strong>nna</strong></span> <span class='ocrx_word' id='word_1_122' title='bbox 945 2167 1042 2230; x_wconf 86' lang='lat' dir='ltr'><strong>secat</strong></span> 
     </span>
    </p>
   </div>
   <div class='ocr_carea' id='block_1_6' title="bbox 143 2405 1030 3646">
    <p class='ocr_par' dir='ltr' id='par_1_6' title="bbox 143 2405 1030 3646">
     <span class='ocr_line' id='line_1_21' title="bbox 235 2405 833 2494; baseline 0.007 -23"><span class='ocrx_word' id='word_1_123' title='bbox 235 2405 328 2488; x_wconf 86' lang='lat' dir='ltr'><strong>Luci,</strong></span> <span class='ocrx_word' id='word_1_124' title='bbox 352 2405 459 2492; x_wconf 78' lang='lat' dir='ltr'><strong>gloria</strong></span> <span class='ocrx_word' id='word_1_125' title='bbox 480 2409 666 2490; x_wconf 85' lang='lat' dir='ltr'><strong>temporum</strong></span> <span class='ocrx_word' id='word_1_126' title='bbox 688 2410 833 2494; x_wconf 89' lang='lat' dir='ltr'><strong>tuorum,</strong></span> 
     </span>
     <span class='ocr_line' id='line_1_22' title="bbox 236 2492 1030 2582; baseline 0.008 -23"><span class='ocrx_word' id='word_1_127' title='bbox 236 2493 299 2572; x_wconf 81' lang='lat' dir='ltr'><strong>Qui</strong></span> <span class='ocrx_word' id='word_1_128' title='bbox 323 2492 440 2560; x_wconf 85' lang='lat' dir='ltr'><strong>Gaium</strong></span> <span class='ocrx_word' id='word_1_129' title='bbox 462 2499 605 2560; x_wconf 84' lang='lat' dir='ltr'><strong>veterem</strong></span> <span class='ocrx_word' id='word_1_130' title='bbox 628 2495 820 2582; x_wconf 84' lang='lat' dir='ltr'><strong>Tagumque</strong></span> <span class='ocrx_word' id='word_1_131' title='bbox 843 2499 993 2564; x_wconf 89' lang='lat' dir='ltr'><strong>nostrum</strong></span> <span class='ocrx_word' id='word_1_132' title='bbox 1025 2521 1030 2529; x_wconf 90' lang='lat'><strong>·</strong></span> 
     </span>
     <span class='ocr_line' id='line_1_23' title="bbox 204 2581 832 2669; baseline 0.005 -21"><span class='ocrx_word' id='word_1_133' title='bbox 204 2627 209 2632; x_wconf 95' lang='lat'>-</span> <span class='ocrx_word' id='word_1_134' title='bbox 236 2581 336 2669; x_wconf 84' lang='lat' dir='ltr'><strong>Arpis</strong></span> <span class='ocrx_word' id='word_1_135' title='bbox 360 2583 471 2648; x_wconf 83' lang='lat' dir='ltr'><strong>cedere</strong></span> <span class='ocrx_word' id='word_1_136' title='bbox 493 2589 560 2649; x_wconf 83' lang='lat' dir='ltr'><strong>iron</strong></span> <span class='ocrx_word' id='word_1_137' title='bbox 583 2583 662 2648; x_wconf 88' lang='lat' dir='ltr'><strong>sinis</strong></span> <span class='ocrx_word' id='word_1_138' title='bbox 688 2583 832 2651; x_wconf 78' lang='lat' dir='ltr'><strong>disertis:</strong></span> 
     </span>
     <span class='ocr_line' id='line_1_24' title="bbox 235 2670 893 2758; baseline 0.005 -22"><span class='ocrx_word' id='word_1_139' title='bbox 235 2670 379 2758; x_wconf 84' lang='lat' dir='ltr'><strong>Argivas</strong></span> <span class='ocrx_word' id='word_1_140' title='bbox 403 2675 577 2758; x_wconf 84' lang='lat' dir='ltr'><strong>generatus</strong></span> <span class='ocrx_word' id='word_1_141' title='bbox 601 2673 686 2737; x_wconf 89' lang='lat' dir='ltr'><strong>inter</strong></span> <span class='ocrx_word' id='word_1_142' title='bbox 709 2674 806 2738; x_wconf 89' lang='lat' dir='ltr'><strong>urbes</strong></span> <span class='ocrx_word' id='word_1_143' title='bbox 886 2743 893 2748; x_wconf 74' lang='grc'><em>,</em></span> 
     </span>
     <span class='ocr_line' id='line_1_25' title="bbox 209 2758 933 2848; baseline 0.004 -22"><span class='ocrx_word' id='word_1_144' title='bbox 209 2758 365 2826; x_wconf 77' lang='lat' dir='ltr'><strong>oThebas</strong></span> <span class='ocrx_word' id='word_1_145' title='bbox 389 2760 531 2826; x_wconf 80' lang='lat' dir='ltr'><strong>carmine</strong></span> <span class='ocrx_word' id='word_1_146' title='bbox 554 2764 664 2826; x_wconf 87' lang='lat' dir='ltr'><strong>cantet</strong></span> <span class='ocrx_word' id='word_1_147' title='bbox 687 2765 744 2826; x_wconf 87' lang='lat' dir='ltr'><strong>aut</strong></span> <span class='ocrx_word' id='word_1_148' title='bbox 767 2761 933 2848; x_wconf 83' lang='lat' dir='ltr'><strong>Mycenas,</strong></span> 
     </span>
     <span class='ocr_line' id='line_1_26' title="bbox 235 2847 909 2918; baseline 0.006 -4"><span class='ocrx_word' id='word_1_149' title='bbox 235 2847 305 2914; x_wconf 85' lang='lat' dir='ltr'><strong>Aut</strong></span> <span class='ocrx_word' id='word_1_150' title='bbox 327 2849 449 2916; x_wconf 88' lang='lat' dir='ltr'><strong>claram</strong></span> <span class='ocrx_word' id='word_1_151' title='bbox 471 2849 611 2916; x_wconf 84' lang='lat' dir='ltr'><strong>Rhodon</strong></span> <span class='ocrx_word' id='word_1_152' title='bbox 633 2852 691 2916; x_wconf 90' lang='lat' dir='ltr'><strong>aut</strong></span> <span class='ocrx_word' id='word_1_153' title='bbox 713 2849 909 2918; x_wconf 85' lang='lat' dir='ltr'><strong>libidinosae·</strong></span> 
     </span>
     <span class='ocr_line' id='line_1_27' title="bbox 235 2933 879 3024; baseline 0.003 -22"><span class='ocrx_word' id='word_1_154' title='bbox 235 2933 378 3004; x_wconf 81' lang='lat' dir='ltr'><strong>Ledaeas</strong></span> <span class='ocrx_word' id='word_1_155' title='bbox 401 2938 660 3004; x_wconf 87' lang='lat' dir='ltr'><strong>Lacedaemonos</strong></span> <span class='ocrx_word' id='word_1_156' title='bbox 683 2939 879 3024; x_wconf 81' lang='lat' dir='ltr'><strong>palaestras:</strong></span> 
     </span>
     <span class='ocr_line' id='line_1_28' title="bbox 235 3023 859 3112; baseline 0.008 -22"><span class='ocrx_word' id='word_1_157' title='bbox 235 3024 306 3091; x_wconf 89' lang='lat' dir='ltr'><strong>Nos</strong></span> <span class='ocrx_word' id='word_1_158' title='bbox 331 3023 432 3093; x_wconf 83' lang='lat' dir='ltr'><strong>Celtis</strong></span> <span class='ocrx_word' id='word_1_159' title='bbox 456 3027 585 3112; x_wconf 83' lang='lat' dir='ltr'><strong>genitos</strong></span> <span class='ocrx_word' id='word_1_160' title='bbox 609 3031 704 3094; x_wconf 86' lang='lat' dir='ltr'><strong>etex</strong></span> <span class='ocrx_word' id='word_1_161' title='bbox 727 3026 859 3094; x_wconf 86' lang='lat' dir='ltr'><strong>Hiberis</strong></span> 
     </span>
     <span class='ocr_line' id='line_1_29' title="bbox 236 3113 957 3182; baseline 0.004 -2"><span class='ocrx_word' id='word_1_162' title='bbox 236 3113 379 3180; x_wconf 88' lang='lat' dir='ltr'><strong>Nostrae</strong></span> <span class='ocrx_word' id='word_1_163' title='bbox 401 3114 535 3180; x_wconf 89' lang='lat' dir='ltr'><strong>nomina</strong></span> <span class='ocrx_word' id='word_1_164' title='bbox 558 3115 688 3182; x_wconf 90' lang='lat' dir='ltr'><strong>duriora</strong></span> <span class='ocrx_word' id='word_1_165' title='bbox 711 3119 818 3182; x_wconf 88' lang='lat' dir='ltr'><strong>terrae</strong></span> <span class='ocrx_word' id='word_1_166' title='bbox 955 3166 957 3170; x_wconf 61' lang='lat'><em>.</em></span> 
     </span>
     <span class='ocr_line' id='line_1_30' title="bbox 143 3201 848 3290; baseline -0.001 -19"><span class='ocrx_word' id='word_1_167' title='bbox 143 3267 146 3272; x_wconf 88' lang='lat'>.</span> <span class='ocrx_word' id='word_1_168' title='bbox 192 3219 226 3268; x_wconf 87' lang='lat'><strong>10</strong></span> <span class='ocrx_word' id='word_1_169' title='bbox 236 3201 339 3269; x_wconf 87' lang='lat' dir='ltr'><strong>Grato</strong></span> <span class='ocrx_word' id='word_1_170' title='bbox 362 3225 428 3269; x_wconf 91' lang='lat' dir='ltr'><strong>non</strong></span> <span class='ocrx_word' id='word_1_171' title='bbox 451 3203 572 3290; x_wconf 86' lang='lat' dir='ltr'><strong>pudeat</strong></span> <span class='ocrx_word' id='word_1_172' title='bbox 595 3203 715 3270; x_wconf 87' lang='lat' dir='ltr'><strong>referre</strong></span> <span class='ocrx_word' id='word_1_173' title='bbox 739 3227 848 3271; x_wconf 87' lang='lat' dir='ltr'><strong>versu:</strong></span> 
     </span>
     <span class='ocr_line' id='line_1_31' title="bbox 235 3290 852 3380; baseline 0.005 -22"><span class='ocrx_word' id='word_1_174' title='bbox 235 3290 340 3359; x_wconf 84' lang='lat' dir='ltr'><strong>Saevo</strong></span> <span class='ocrx_word' id='word_1_175' title='bbox 363 3291 500 3358; x_wconf 90' lang='lat' dir='ltr'><strong>Bilbilin</strong></span> <span class='ocrx_word' id='word_1_176' title='bbox 523 3293 681 3375; x_wconf 86' lang='lat' dir='ltr'><strong>optimam</strong></span> <span class='ocrx_word' id='word_1_177' title='bbox 704 3295 852 3380; x_wconf 88' lang='lat' dir='ltr'><strong>metallo,</strong></span> 
     </span>
     <span class='ocr_line' id='line_1_32' title="bbox 208 3379 942 3471; baseline 0.008 -25"><span class='ocrx_word' id='word_1_178' title='bbox 208 3401 222 3428; x_wconf 90' lang='lat'><strong>·</strong></span> <span class='ocrx_word' id='word_1_179' title='bbox 236 3379 325 3456; x_wconf 86' lang='lat' dir='ltr'><strong>Quae</strong></span> <span class='ocrx_word' id='word_1_180' title='bbox 348 3382 451 3448; x_wconf 83' lang='lat' dir='ltr'><strong>uincit</strong></span> <span class='ocrx_word' id='word_1_181' title='bbox 475 3380 703 3467; x_wconf 83' lang='lat' dir='ltr'><strong>Chalybasque</strong></span> <span class='ocrx_word' id='word_1_182' title='bbox 726 3381 942 3471; x_wconf 86' lang='lat' dir='ltr'><strong>Noricosque,</strong></span> 
     </span>
     <span class='ocr_line' id='line_1_33' title="bbox 235 3468 854 3559; baseline 0.008 -27"><span class='ocrx_word' id='word_1_183' title='bbox 235 3468 281 3532; x_wconf 80' lang='lat' dir='ltr'><strong>Et</strong></span> <span class='ocrx_word' id='word_1_184' title='bbox 303 3469 390 3536; x_wconf 84' lang='lat' dir='ltr'><strong>ferro</strong></span> <span class='ocrx_word' id='word_1_185' title='bbox 414 3469 645 3536; x_wconf 85' lang='lat' dir='ltr'><strong>Plateam-sno</strong></span> <span class='ocrx_word' id='word_1_186' title='bbox 669 3475 854 3559; x_wconf 83' lang='lat' dir='ltr'><strong>sonantem,</strong></span> 
     </span>
     <span class='ocr_line' id='line_1_34' title="bbox 237 3554 844 3646; baseline 0.015 -28"><span class='ocrx_word' id='word_1_187' title='bbox 237 3554 343 3632; x_wconf 77' lang='lat' dir='ltr'><strong>Quam</strong></span> <span class='ocrx_word' id='word_1_188' title='bbox 365 3557 468 3622; x_wconf 87' lang='lat' dir='ltr'><strong>fluctu</strong></span> <span class='ocrx_word' id='word_1_189' title='bbox 490 3557 594 3644; x_wconf 87' lang='lat' dir='ltr'><strong>tenui,</strong></span> <span class='ocrx_word' id='word_1_190' title='bbox 618 3559 674 3624; x_wconf 88' lang='lat' dir='ltr'><strong>sed</strong></span> <span class='ocrx_word' id='word_1_191' title='bbox 697 3559 844 3646; x_wconf 89' lang='lat' dir='ltr'><strong>inquieto</strong></span> 
     </span>
    </p>
   </div>
   <div class='ocr_carea' id='block_1_7' title="bbox 0 0 1268 4038">
    <p class='ocr_par' dir='ltr' id='par_1_7' title="bbox 0 0 1268 4038">
     <span class='ocr_line' id='line_1_35' title="bbox 0 0 1268 4038; baseline 0 0"><span class='ocrx_word' id='word_1_192' title='bbox 0 0 1268 4038; x_wconf 95' lang='lat' dir='ltr'><strong> </strong></span> 
     </span>
    </p>
   </div>
  </div>
 </body>
</html>
