2596 4034
368 239 667 296 narcariuurrou
686 239 755 296 ΜΒ.
774 237 808 298 Χ,
1040 239 1106 308 233

130 404 244 470 Annos
268 403 376 470 addite
400 403 451 469 bis
475 425 590 490 precor
612 424 770 487 nouenos,

130 493 177 559 Ut
199 493 345 558 nondum
367 491 469 558 nimio
493 493 587 580 piger
611 497 755 576 senecta,

132 581 195 647 Sed
218 584 306 648 vitae
330 582 435 647 tribus
461 581 544 646 areis
568 581 710 666 peractis

89 670 236 737 10Lucos
260 670 394 756 Elysiae
417 675 529 754 petam
552 671 690 758 puellae.

131 759 211 826 Post
233 759 321 825 huno
344 759 488 826 Nestora
511 781 571 825 nec-
595 761 681 845 diem
705 759 838 847 rogabo.

546 892 648 958 XXV.

131 981 171 1047 In
193 982 357 1048 matutina
380 1004 484 1067 nuper
507 986 674 1068 spectatus
697 981 819 1047 harena

176 1071 317 1155 Mucius,
340 1072 498 1155 imposuit
521 1071 577 1155 qui
600 1093 659 1136 sua
680 1072 828 1136 'membra
850 1069 947 1154 focis,

135 1158 171 1226 Si
194 1160 323 1246 patiens
348 1159 511 1245 durusque
534 1160 596 1225 tibi
619 1159 778 1245 fortisque
803 1157 942 1242 videtur,

178 1249 399 1314 Abderitanae
423 1253 558 1334 pectora
580 1248 686 1332 plebis
710 1248 821 1313 habes.

106 1336 220 1404 aNam
237 1360 317 1403 ‘cum
343 1339 469 1404 dicatur
492 1337 603 1403 tunica
624 1341 795 1421 praesente
819 1335 959 1402 molesta

177 1425 263 1512 „Ure
285 1426 453 1512 manum,“
475 1427 549 1512 plus
574 1432 625 1492 ast
647 1425 752 1492 dicere
775 1423 871 1511 „Non
893 1423 1004 1492 facio.“

133 1647 236 1734 Vara,
258 1647 470 1714 Paraetonias
495 1647 591 1713 Latia
614 1647 710 1714 modo
735 1647 801 1712 vite
825 1669 883 1732 par
904 1648 1002 1714 urbes

178 1737 310 1804 Nobilis
334 1741 368 1802 ct
390 1742 521 1802 centum
545 1737 609 1801 dcix
632 1736 840 1801 memorande
863 1736 956 1822 viris,

134 1827 181 1892 At
203 1848 289 1892 nunc
313 1826 458 1892 Ausonio
482 1827 605 1892 frirslra
627 1825 786 1910 promisse
810 1824 960 1912 Quirino,

179 1915 323 2003 Hospita
345 1913 469 2000 Lagaei
493 1915 601 1979 litoris
625 1916 741 1979 umbra
764 1915 858 1980 iaces.

110 2003 296 2091 5Spa1·gere
318 2025 385 2070 non
409 2003 502 2069 licuit
526 2003 680 2089 frigentia
703 2003 833 2068 fletibus
857 2023 928 2087 ora,

180 2093 320 2180 Pinguia
342 2114 402 2157 neo
425 2092 558 2156 maestis
583 2091 700 2156 addere
723 2095 798 2156 tura
820 2091 919 2176 rogis.

104 2183 105 2186 ’
135 2181 199 2248 Sed
223 2182 320 2246 datur
343 2185 476 2247 aeterno
499 2181 659 2246 victurum
685 2180 980 2246 carmine'nomen:

179 2269 348 2356 Numquid
372 2274 405 2335 et
428 2270 504 2354 hoc,
526 2269 629 2333 fallax
652 2267 740 2353 Nile,
763 2288 884 2353 negare
906 2269 1024 2356 potes?

533 2399 668 2466 XXVII.

134 2489 264 2575 Natali,
287 2489 445 2576 Diodore‚
468 2493 526 2556 tuo
550 2490 687 2555 conviva
711 2491 842 2555 senatus

179 2579 343 2664 Accubat,
366 2583 400 2645 et
422 2601 515 2645 rarus
538 2600 604 2644 non
629 2577 800 2644 adhibetur
823 2600 935 2665 eques,

134 2668 182 2734 Et
204 2673 262 2734 tua
283 2670 426 2734 tricenos
450 2668 590 2754 largitur
614 2667 763 2752 sportula
784 2689 945 2735 nummos.

183 2756 289 2823 Nemo
312 2761 424 2823 tamen
446 2761 561 2822 natum
585 2760 633 2840 tc,
656 2755 811 2842 Diodore‚
833 2760 936 2842 putat.
1052 2804 1061 2824 .

520 2886 675 2962 XXVIII.

136 2978 308 3046 Annorum
324 2975 492 3064 nitidique
516 2982 607 3044 sator
629 2976 846 3061 pulcherrime
870 2977 995 3061 mundi,
1100 3019 1105 3029 ·

135 3099 136 3102 ¹
180 3067 318 3134 Publica
342 3089 438 3153 quem
462 3069 605 3152 primum
627 3070 705 3131 rota
727 3087 901 3152 precesque
925 3071 1056 3152 vocant,

135 3156 270 3224 Pervius
294 3157 427 3242 exiguos
451 3157 625 3222 habitabas
649 3159 725 3219 aute
749 3162 895 3239 penates,

179 3245 326 3312 Plurima
350 3268 414 3330 qua
437 3247 579 3310 medium
602 3243 709 3309 Roma
732 3244 859 3308 terebat
881 3245 956 3309 iter:

107 3335 232 3401 oNunc
255 3339 313 3401 tua
337 3333 505 3401 Caesareis
529 3335 703 3422 cinguntur
726 3331 841 3396 limina
863 3332 970 3418 donis,

179 3423 226 3490 Et
249 3424 322 3490 fora
344 3427 396 3489 tot
417 3445 584 3508 numeras3
607 3423 700 3506 Iane,
724 3424 805 3506 quot
828 3442 887 3487 ora
909 3423 1004 3506 geris.

136 3514 182 3578 At
204 3518 257 3597 tu,
281 3517 392 3578 sancte
416 3517 523 3599 pater,
546 3517 641 3578 tanto
663 3533 724 3594 pro
748 3531 881 3575 munere
903 3517 1030 3597 gratm,

179 3600 300 3668 Ferrea
322 3607 480 3687 perpetua
503 3603 649 3668 claustra
672 3605 762 3665 tuere
786 3621 866 3665 sera
