2596 4034
322 184 624 245 EPIGRAMMATON
643 187 710 243 alu.
730 185 805 245 vlu.
1012 190 1069 256 l9l

522 349 607 418 LXI.

92 455 193 522 Livet
216 454 396 542 Charinus,
418 458 596 544 rumpitur,
619 455 713 542 furit,
736 455 847 543 plorat

91 545 142 610 Et
166 546 296 630 quaerit
319 546 420 632 altos,
444 547 528 613 unde
551 547 704 633 pendeat,
727 568 851 613 ramos:

92 634 173 698 Non
195 635 262 700 iam
287 635 375 720 quod
399 637 477 702 orbe
501 641 617 703 cantor
640 639 673 701 et
696 635 790 722 legor
812 638 899 720 toto,

91 723 127 788 N
130 745 167 790 ec
190 723 355 790 umbilicis
379 725 465 810 quod
489 726 623 793 decorus
648 729 682 791 et
705 725 801 792 cedro

66 811 245 898 asspargor
267 833 327 900 per
350 835 463 882 omnes
487 814 594 882 Roma
617 837 697 902 quas
721 817 813 880 tenet
836 816 965 900 gentes:

92 900 159 966 Sed
185 901 270 986 quod
295 903 355 968 sub
380 905 458 970 urbe
482 927 537 970 rus
561 904 719 970 habemus
744 901 903 968 aestivum

90 989 321 1076 Vehimurque
344 992 443 1058 mulis
466 1013 546 1075 non,
570 997 718 1076 utente,
742 991 919 1058 conductis.
1009 1030 1013 1038 ·

92 1079 182 1156 Quid
204 1080 423 1167 imprecabor,
446 1103 465 1146 ο
490 1081 620 1165 Severe,
643 1079 782 1148 liventi?

91 1169 168 1236 Hoc
191 1173 285 1255 opto:
308 1171 414 1236 mulas
437 1171 559 1238 habeat
583 1175 616 1236 et
639 1170 870 1236 suburbanum

512 1311 615 1379 LXII.

91 1416 217 1484 Scribit
240 1417 275 1482 in
299 1439 413 1485 aversa
435 1417 550 1486 Picens
575 1419 814 1504 epigrammate
838 1417 966 1502 charta,

138 1505 187 1572 Et
210 1505 313 1592 dolet,
338 1529 452 1574 averso
477 1506 564 1595 quod
587 1507 666 1574 facit
688 1507 749 1573 illa
772 1507 841 1573 deo.

24 1761 25 1764 ¹
89 1772 276 1856 Thestylon
294 1771 400 1839 Aulus
424 1665 680 1856 amaiffileltllneo
699 1773 806 1840 minus
826 1772 919 1838 ardet
938 1772 1071 1859 Alexin,

136 1859 295 1926 Forsitan
318 1866 352 1927 et
374 1865 525 1928 nostrum
548 1883 635 1928 nunc
657 1861 868 1947 Hyacinthon
892 1867 990 1930 amat.

90 1949 106 2014 I
130 1971 221 2016 nunc
245 1954 278 2016 et
301 1950 430 2035 dubita,
452 1954 545 2016 vates
569 1973 612 2016 an
635 1951 752 2036 diligat
775 1950 878 2036 ipsos,

137 2037 282 2106 Delicias
306 2043 419 2105 vatum
442 2061 516 2106 cum
540 2061 632 2106 meus
655 2039 761 2105 Aulus
785 2043 881 2105 amet.
1016 2095 1017 2098 ,

26 2149 28 2237 l
263 2173 275 2183 ’
502 2197 618 2264 amu.

88 2303 138 2371 Ut
164 2325 294 2389 poscas,
318 2301 427 2392 Clyte,
451 2325 567 2370 munus
591 2303 781 2391 exigasquo,

28 2399 29 2404 ’
88 2394 169 2460 Uno
193 2394 336 2460 nasceris
361 2394 462 2460 octies
485 2394 520 2459 in
543 2415 628 2459 anno

90 2484 138 2548 Et
163 2483 267 2567 solas,
290 2486 384 2569 puto,
407 2487 514 2548 tresve
539 2486 734 2568 quattuorve

30 2647 31 2652 ἵ
92 2572 170 2638 Non
193 2571 367 2636 natalicias
390 2572 493 2638 habes
517 2570 690 2636 Kalendas.

67 2660 141 2726 rsit
165 2660 277 2726 vultus
300 2660 363 2725 tibi
385 2660 489 2726 levior
511 2659 623 2726 licebit

92 2749 196 2814 Tritis
219 2749 329 2815 litoris
353 2749 436 2815 aridi
459 2749 596 2834 lapillis,

93 2837 143 2904 Sit
167 2859 260 2905 moro
284 2837 528 2926 coma-nigrior
551 2837 685 2923 caduco,

91 2927 213 2994 Vincas
237 2926 379 2993 mollitia
403 2931 563 2993 tremente
585 2926 714 3012 plumas

92 3019 161 3081 Aut
184 3037 328 3082 massam
350 3019 447 3082 modo
470 3017 566 3082 lactis
591 3014 734 3101 alligati,

56 3105 137 3170 ruEt
160 3106 245 3180 tales
268 3110 380 3172 tumor
402 3106 523 3172 excitet
544 3103 702 3192 papillas,

92 3193 211 3270 Quales
235 3195 335 3261 cruda
359 3195 430 3261 viro
454 3193 564 3281 puella
588 3196 713 3275 servat,

93 3282 142 3348 'lu
165 3283 277 3367 nohis,
300 3282 408 3369 Clyte,
432 3285 498 3349 iam
523 3305 620 3349 senex
642 3279 776 3346 videris:

93 3370 174 3438 Tam
197 3373 321 3438 multos
347 3373 420 3458 quis
445 3374 532 3438 enim
555 3372 656 3438 fuisse
679 3369 791 3436 credat
871 3437 875 3445 ,

92 3458 229 3527 Natales
253 3461 418 3527 Priamive
441 3460 656 3528 Nestorisue?

60 3545 142 3616 usit
166 3549 427 3637 tandempudor
450 3557 483 3617 et
505 3551 621 3618 modus
645 3548 777 3635 rapinis
