2568 4040
366 242 484 298 11111111
502 226 807 301 aerensuunsou.
1028 247 1092 314 971

66 399 154 468 Quod
172 401 256 458 fellas
275 405 306 460 et
324 419 428 472 aquam
446 405 538 475 potas,
556 403 607 471 nil,
626 401 736 472 Lesbia,
755 419 880 474 peccas.
909 447 916 464 .
994 406 1029 474 ll,
1049 413 1091 464 99.

67 474 153 538 Quod
172 473 275 530 Flacco
293 474 437 546 Varioque
455 475 511 530 fuit
529 491 693 546 summoque
713 475 822 530 Maroni
839 519 845 532 .
875 519 882 535 .
910 520 917 534 .
986 477 1048 547 XII,
1067 486 1091 534 4.

67 545 155 610 Quod
174 543 267 601 fronte
286 545 394 602 Selium
412 547 512 602 nubila
529 546 619 616 rides,
638 546 737 603 Rufe.
766 591 773 604 .
802 590 809 604 .
838 591 844 604 .
874 591 880 604 .
908 591 916 606 .
993 549 1029 618 ll,
1049 558 1090 606 11.

68 617 155 682 Quod
173 615 242 682 lana
259 620 346 688 caput
365 617 476 688 alligas,
495 617 616 674 Charine
623 661 922 678 ..........
968 620 1030 690 XII,
1049 627 1091 678 99.

67 687 153 754 Quod
173 687 271 759 magni
288 689 430 744 Thraseae
449 687 690 759 consummatique
710 687 844 746 Catonis.
873 732 881 747 .
909 691 934 748 ,1
1025 691 1047 760 1,
1066 699 1090 749 9.

69 759 155 824 Quod
174 759 246 814 mihi
263 759 312 816 vix
329 777 402 816 unus
421 764 482 816 toto
501 761 574 816 liber
592 764 674 815 exeat
693 776 766 815 anuo
803 805 809 817 .
839 805 844 817 .
875 805 883 818 .
909 805 916 821 .
994 763 1028 831 X,
1048 771 1090 820 70.

70 831 156 896 Quod
175 831 308 886 minimos
327 832 428 901 cernis,
445 833 524 887 mitti
541 849 593 888 nos
611 831 703 888 credis
726 830 847 889 amicas.
876 877 882 890 .
911 877 918 891 .
973 835 1047 902 XIV,
1065 841 1089 892 9.

69 902 156 966 Quod
175 918 227 957 nec
246 902 370 959 carmine
389 903 496 974 glorior
514 903 615 974 supino
626 945 918 962 .........
993 906 1028 974 ll,
1047 911 1089 963 99.

69 972 155 1039 Quod
174 989 226 1027 uec
245 972 389 1044 Vergilius
407 989 459 1030 nec
478 975 602 1029 carmine
620 973 692 1030 dicit
709 973 847 1029 Homerus
875 1018 881 1031 .
910 1019 917 1033 .
954 975 1028 1044 XIV,
1047 983 1089 1034 57.

69 1044 155 1108 Quod
176 1043 264 1100 nimio
282 1045 391 1115 gaudes
409 1047 521 1100 noctem
538 1044 693 1115 producere
710 1045 778 1099 vino
803 1089 809 1102 .
839 1089 845 1102 .
874 1089 916 1104 ..
962 1060 968 1070 ·
993 1047 1028 1114 ΙΙ,
1047 1054 1089 1104 99.

69 1115 155 1180 Quod
175 1115 295 1169 nimium
313 1115 384 1171 lires
403 1117 507 1172 uostris
527 1120 556 1171 et
573 1115 679 1186 ubique
698 1114 805 1170 libellis
839 1162 842 1169 .
873 1159 879 1173 .
908 1159 915 1173 .
979 1117 1088 1185 11191.

70 1187 155 1250 Quod
175 1185 294 1248 nimium
312 1189 440 1255 mortem,
459 1187 633 1242 Chaeremon
651 1186 754 1254 Stoice,
773 1185 873 1241 laudas
909 1231 916 1245 .
980 1188 1029 1257 Xl,
1047 1195 1089 1244 56.

69 1258 155 1323 Quod
175 1259 314 1314 nocturna
331 1257 396 1326 tibi,
414 1258 549 1326 Leandro,
566 1257 726 1330 pepercerit
743 1257 845 1314 unda.
874 1301 879 1314 .
909 1303 915 1316 .
971 1261 1027 1330 Ep.
1046 1265 1088 1316 99.

69 1328 156 1394 Quod
175 1331 408 1399 uon‘argentum,
423 1331 498 1400 quod
517 1347 572 1384 non
586 1329 642 1383 tibi
655 1328 796 1383 mittimus
815 1345 914 1384 aurum
993 1330 1027 1399 V,
1047 1336 1088 1387 59.

14 1463 15 1466 Ἴ
69 1399 156 1464 Quod
174 1416 231 1455 uon
250 1397 358 1456 insulse
377 1400 478 1455 scribis
497 1400 666 1455 tetrasticha
684 1400 843 1469 quaedam.
873 1445 878 1456 .
908 1444 915 1458 .
965 1399 1027 1470 Vll,
1046 1407 1089 1457 89.

69 1470 156 1536 Quod
174 1487 231 1526 uon
249 1471 288 1525 sit
305 1471 427 1541 Pylades
445 1473 499 1526 hoc
517 1474 653 1542 tempore,
672 1487 728 1526 uon
746 1471 785 1525 sit
803 1469 916 1526 Orestes
978 1471 1026 1540 Vl,
1047 1479 1088 1528 11.

68 1542 155 1607 Quod
174 1558 263 1597 novus
282 1546 312 1597 et
329 1558 420 1612 nuper
437 1543 529 1596 foetus
548 1543 603 1596 tihi
621 1545 750 1613 praestat
768 1541 875 1597 amicus
909 1585 915 1598 .
978 1541 1088 1612 11199.
1118 1576 1120 1578 -

69 1613 156 1678 Quod
174 1613 267 1682 nubis,
285 1613 444 1682 Proculina,
463 1614 620 1670 concubino
660 1635 666 1670 ;
696 1657 916 1671 .......
980 1613 1028 1681 Vl,
1045 1621 1089 1670 79.

68 1684 156 1750 Quod
174 1684 247 1738 nulli
265 1684 384 1740 calicem
402 1687 483 1739 tuum
500 1683 634 1755 propinas
657 1727 914 1742 ........
991 1683 1027 1752 Il,
1047 1691 1088 1741 19.

69 1755 156 1820 Quod
174 1772 318 1824 nunquam
335 1755 461 1810 maribus
480 1753 606 1810 iunctam
619 1758 658 1824 te,
672 1753 771 1823 Bassa,
785 1753 917 1811 videbam
1006 1755 1027 1823 l,
1045 1763 1089 1812 99.

70 1826 157 1893 Quod
174 1826 307 1880 nutantia
325 1827 418 1882 fronte
436 1826 578 1896 perticata
588 1868 916 1884 ..........
993 1825 1027 1895 V,
1047 1832 1088 1882 12,

69 1898 156 1963 Quod
175 1897 314 1966 optimum
333 1898 372 1952 sit
389 1897 519 1967 disputat
537 1895 698 1966 conuiuium
730 1942 736 1954 .
766 1941 771 1952 .
801 1940 807 1953 .
837 1940 842 1953 .
872 1940 878 1952 .
908 1941 914 1953 .
949 1962 951 1965 f
979 1896 1027 1964 IX,
1046 1905 1088 1954 77.

69 1968 157 2034 Quod
174 1971 283 2038 pectus,
303 1968 379 2038 quod
397 1985 479 2022 crura
497 1967 561 2036 tibi,
580 1967 655 2037 quod
673 1966 791 2022 brachia
808 1965 891 2022 vellis
910 2011 917 2022 .
991 1967 1028 2035 11,
1046 1974 1088 2024 91.

70 2039 157 2106 Quod
174 2038 238 2110 pius
258 2042 288 2094 et
307 2039 424 2110 supplex
445 2039 560 2108 elephas
580 2042 619 2107 te,
637 2036 748 2107 Caesar,
768 2037 880 2095 adorat.
909 2081 915 2094 .
970 2038 1026 2108 Ep.
1048 2045 1087 2094 17.

70 2109 156 2176 Quod
175 2127 341 2180 quacunque
359 2109 438 2164 venis
458 2109 589 2164 Cosmum
606 2109 730 2179 migrare
748 2113 881 2179 putamus
910 2152 916 2165 .
978 2109 1088 2176 111,oo.

70 2181 158 2249 Quod
175 2181 324 2252 querulum
343 2181 441 2264 spirat,
460 2181 536 2250 quod
555 2181 687 2236 acerbum
701 2181 811 2235 Naevia
828 2179 915 2235 tussit
991 2179 1026 2247 ll,
1045 2187 1087 2236 26.

70 2253 156 2320 Quod
174 2268 285 2323 semper
303 2269 436 2323 casiaque
454 2253 641 2320 cinnamoque
660 2295 916 2309 ........
980 2251 1027 2319 VI,
1047 2257 1088 2306 99.

70 2324 157 2389 Quod
175 2341 287 2394 semper
305 2341 421 2394 superos
439 2322 531 2378 invito
549 2323 637 2377 fratre
655 2320 764 2393 rogasti
801 2365 807 2378 .
836 2365 843 2379 .
873 2365 879 2378 .
909 2363 916 2379 .
979 2321 1027 2389 lX,
1046 2327 1088 2378 tl.

70 2395 156 2462 Quod
175 2395 267 2466 siccae
285 2395 396 2450 redolet
413 2395 495 2465 palus
515 2393 635 2449 lacunae
658 2435 915 2450 ........
996 2391 1045 2461 IV,
1064 2399 1089 2448 4.

69 2465 156 2531 Quod
174 2465 266 2537 spirat
276 2469 382 2522 'tenera
398 2466 506 2521 malum
524 2464 670 2519 mordente
689 2464 806 2534 puella.
836 2507 842 2521 .
872 2507 878 2520 .
907 2506 913 2520 .
978 2463 1088 2529 11199.

71 2537 157 2603 Quod
175 2542 236 2592 tam
254 2537 362 2607 grande
381 2537 484 2608 sophos
503 2537 609 2590 clamat
626 2534 681 2589 tibi
699 2536 784 2590 turba
802 2536 913 2605 togate.
979 2533 1027 2601 VI,
1045 2538 1088 2589 48.

70 2608 155 2675 Quod
174 2613 203 2664 te
222 2608 363 2679 diripiunt
379 2608 554 2678 potentiores
589 2647 914 2664 ..........
965 2603 1026 2673 1111,
1047 2611 1090 2660 76.

71 2679 157 2746 Quod
175 2683 203 2735 te
222 2696 306 2735 mana
325 2679 401 2735 domi
420 2681 481 2734 toto
500 2696 557 2732 non
573 2677 696 2732 vidimus
715 2693 808 2734 anno.
838 2721 844 2734 .
873 2719 880 2732 .
908 2719 915 2733 .
978 2673 1088 2743 1V,2a.

71 2750 157 2817 Quod
175 2754 205 2806 te
223 2750 338 2806 nomine
356 2750 415 2805 iam
433 2752 482 2805 tuo
502 2749 595 2804 saluto
626 2789 917 2805 .........
992 2746 1027 2814 ΙΙ,
1046 2751 1088 2802 98.

71 2821 158 2888 Quod
175 2822 231 2877 tibi
249 2838 332 2877 crura
349 2822 444 2891 rigent
463 2819 549 2875 saetis
568 2821 598 2874 et
615 2820 732 2890 pectora
748 2817 843 2874 villis.
872 2859 879 2874 .
907 2861 914 2874 .
978 2817 1027 2884 VI,
1046 2822 1089 2872 59.

72 2893 158 2960 Quod
177 2893 232 2948 tibi
250 2891 401 2948 Decembri
418 2907 524 2959 mense,
543 2906 598 2960 quo
616 2890 715 2945 volant
732 2905 880 2960 mappae.
910 2931 916 2945 .
995 2889 1027 2954 V,
1047 2893 1088 2943 19.

71 2966 151 3032 Quos
170 2967 287 3036 cuperet
303 2965 462 3035 Phlegraea
480 2979 544 3018 suos
562 2961 684 3016 victorio
700 2961 809 3050 ludos,
838 3004 845 3018 .
874 3003 880 3017 .
909 3003 916 3017 .
953 2958 1038 3027 Vlll,·
1047 2964 1088 3015 79.

565 3154 604 3208 rt

71 3250 184 3319 Raptus
203 3249 265 3304 abit
281 3247 377 3304 media
395 3245 471 3317 quod
490 3245 526 3302 od
544 3244 661 3302 aethera
679 3246 776 3300 taurus
794 3244 913 3300 harena.
973 3243 1004 3298 E
1021 3284 1027 3298 .
1049 3247 1089 3298 19.

71 3321 151 3376 Rara
167 3319 223 3376 tihi
241 3337 327 3376 curva
345 3318 483 3374 craticula
501 3317 585 3373 sudet
602 3315 700 3373 osella.
730 3319 737 3374 .’
766 3359 916 3374 .....
941 3314 978 3368 111
1006 3319 1089 3382 ,791

71 3394 164 3448 Raros
182 3391 294 3463 colligis
312 3390 379 3446 hinc
398 3392 428 3446 et
445 3388 511 3444 hinc
531 3387 649 3458 capillos
660 3429 916 3445 ........
994 3385 1027 3452 X,
1046 3391 1089 3439 89.

71 3465 189 3519 Raucae
207 3463 314 3519 chortis
333 3478 399 3518 aves
420 3463 449 3516 et
468 3476 522 3516 ova
540 3461 661 3514 matrum
694 3501 915 3516 .......
967 3456 1027 3524 Vll,
1047 3461 1089 3511 91.
1151 3522 1153 3527 ¹

71 3535 202 3590 Reclusis
219 3534 329 3592 'foribus
348 3531 471 3604 grandes
490 3531 621 3603 percidis,
640 3529 769 3587 Amille.
797 3574 805 3588 .
834 3573 840 3586 .
869 3574 876 3586 .
906 3573 913 3586 .
967 3528 1028 3598 Vll,
1047 3533 1089 3584 99.

72 3606 172 3662 Redde
190 3606 292 3678 pilam:
312 3607 395 3661 sonat
408 3621 457 3660 aes
472 3603 652 3659 thermarum.
676 3602 785 3658 Ludere
798 3601 914 3672 pergis?
941 3599 1014 3667 XIV,
1031 3603 1089 3654 199.
1161 3659 1164 3664 ,

848 3701 852 3708 ’
875 3703 931 3764 as*
