2610 4048
248 770 252 776 Ι
340 667 386 743 ur
414 665 812 744 autumnans

274 839 885 942 EPIGRAMMATON

487 1035 622 1104 urana
644 1035 671 1104 1.

136 1209 237 1298 Spero
252 1234 303 1278 me
318 1215 466 1280 secutum
480 1215 515 1280 in
529 1213 652 1280 libellis
672 1215 752 1280 meis
767 1212 833 1280 tale
849 1215 1086 1298 temperamen-

75 1305 154 1388 tum,
175 1306 214 1368 ut
237 1302 276 1368 de
299 1301 368 1368 illis
388 1303 481 1388 queri
504 1325 570 1370 non
588 1303 694 1387 possit
712 1302 860 1388 quisquis
883 1301 923 1367 de
946 1323 981 1367 se
1003 1301 1087 1367 bene

77 1393 222 1476 senserit,
242 1414 315 1457 oum
334 1391 427 1456 salva
445 1391 632 1458 infimarum
655 1413 782 1478 quoque
802 1411 1017 1477 personarum
1036 1411 1086 1456 re·

76 1481 216 1547 verentia
230 1480 360 1565 ludant3
376 1503 459 1566 quae
474 1481 553 1547 adeo
569 1479 713 1566 antiquis
726 1479 914 1546 auctoribus
929 1478 1041 1563 defuit,
1050 1483 1088 1546 nt

55 1569 257 1635 anominibus
275 1591 342 1636 non
361 1573 492 1636 tantum
506 1571 592 1637 veris
612 1571 706 1636 abusi
724 1569 801 1653 sint,
820 1567 877 1634 sed
896 1571 930 1633 et
948 1567 1087 1655 magnis.

77 1655 153 1722 llihi
171 1658 261 1725 lama
275 1657 374 1725 vilius
389 1663 517 1724 constet
535 1664 569 1725 et
585 1659 743 1746 probetur
756 1659 791 1724 in
807 1679 859 1723 me
873 1655 1085 1723 novissimum

77 1745 246 1832 ingenium.
270 1745 370 1812 Absit
388 1770 408 1812 a
426 1749 569 1814 iocorum
589 1751 775 1814 nostrorum
795 1745 1005 1831 simplicitate
1020 1767 1086 1812 rna·

76 1833 178 1918 lignus
192 1837 353 1922 interpres
367 1858 426 1902 neo
441 1837 680 1922 epigrammata
693 1859 766 1902 mea
782 1835 918 1902 scribat:
937 1834 1086 1922 improbe

19 1979 20 2000 ,
77 1921 150 1988 feeit
169 1925 279 2010 quiin
297 1923 404 1990 alieno
422 1925 508 1990 libro
529 1925 717 2010 ingeniosus
737 1929 796 1992 est.
827 1923 999 1990 Lasoivam
1018 1943 1085 1990 ver·

19 2031 20 2036 ¹
45 2011 189 2088 lotorum
206 2013 397 2098 veritatem,
414 2013 448 2078 id
467 2017 518 2079 est
536 2013 793 2102 epigrammaton
814 2013 978 2099 linguam,
995 2033 1087 2079 exou-

79 2120 187 2184 sarem,
197 2102 225 2166 si
240 2124 349 2168 meum
363 2105 451 2167 esset
466 2101 663 2186 exemplum:
678 2103 723 2168 sic
739 2101 854 2166 scribit
868 2099 1027 2187 Catullus,
1041 2099 1087 2167 sic

79 2185 210 2273 Marsus,
229 2191 276 2256 sic
290 2189 388 2275 Pedo,
407 2189 453 2256 sic
468 2189 666 2275 Gaetulicus,
685 2190 730 2256 sic
749 2189 931 2274 quicunque
950 2189 1088 2276 perlegi·

78 2280 133 2341 tur.
170 2277 205 2344 si
225 2279 296 2366 quis
316 2284 427 2345 tamen
445 2283 515 2346 tam
534 2279 707 2344 ambitiose
725 2277 831 2344 tristis
856 2283 919 2362 est,
942 2281 980 2346 ut
1001 2277 1087 2364 apud

79 2363 165 2432 illum
182 2369 218 2433 in
230 2367 323 2434 nulla
337 2367 459 2454 pagina
472 2367 573 2434 latine
587 2367 679 2454 loqui
692 2367 741 2432 las
757 2367 811 2451 sit,
824 2370 933 2452 potest
948 2365 1089 2450 epistola

45 2467 70 2515 15
80 2454 126 2518 vel
139 2457 249 2542 potius
264 2456 363 2522 titulo
378 2460 549 2522 contentus
565 2477 643 2522 esse.
662 2455 995 2542 Epigrammataillis
1011 2455 1087 2522 scri·

19 2531 21 2638 l
81 2541 208 2630 buntur,
227 2545 282 2632 qui
302 2545 411 2612 solent
434 2549 582 2632 spectare
600 2543 756 2610 Florales.
788 2542 866 2611 Non
883 2543 985 2610 intret
1004 2542 1088 2611 Cato

19 2667 20 2670 =
78 2631 240 2700 theatrum
257 2656 377 2719 meum,
396 2639 453 2700 aut
471 2635 500 2700 si
518 2633 698 2717 intraverit,
713 2635 847 2718 spectet.
871 2631 993 2698 Videor
1006 2632 1089 2698 mihi

80 2741 145 2788 meo
163 2723 233 2788 iure
250 2721 407 2803 fauturus,
426 2724 454 2788 si
474 2721 649 2809 epistolam
667 2721 815 2787 versibus
834 2721 975 2789 clusero:

19 2939 20 2952 ,
119 2879 240 2948 Nosses
259 2883 390 2949 iocosae
413 2883 505 2949 dulce
529 2905 602 2950 oum
626 2903 755 2947 sacrum
777 2879 894 2948 Florae

19 3039 20 3042 ,
120 2969 296 3056 Festosque
318 2971 410 3036 lusus
434 2975 466 3036 et
489 2971 657 3038 licentiam
679 2969 785 3058 vulgi,
894 2993 896 2998 ·

121 3057 184 3124 Cur
205 3060 239 3125 in
262 3059 442 3144 theatrum,
465 3059 547 3126 Cato
572 3081 696 3139 severe,
719 3057 861 3125 venisti?

19 3179 20 3230 a
120 3149 172 3214 An
191 3147 264 3216 ideo
288 3153 420 3216 tantum
443 3171 593 3236 veneres,
615 3151 653 3214 ut
675 3147 801 3214 exires?
883 3165 887 3206 ·.

204 3399 269 3466 Hie
292 3401 346 3464 est
368 3418 463 3484 quem
486 3289 662 3485 legisLille,
687 3355 782 3482 quern
805 3394 958 3482 requiris,

205 3489 293 3554 Toto
317 3489 415 3553 notus
438 3485 472 3552 in
495 3487 574 3553 orbe
597 3485 759 3552 Martialis
842 3533 844 3538 .

204 3575 347 3664 Argutis
369 3575 633 3664 epigrammaton
654 3573 787 3639 libellis:
867 3641 870 3646 ,
