2528 4038
186 214 264 282 '112
528 209 567 268 ll.
584 207 668 266 VAL.
686 205 887 266 mumulo
979 271 983 276 Ι

671 369 742 436 XX.

243 481 278 550 Si
300 487 407 550 teeum
429 479 525 562 mihi,
547 499 621 546 oure
644 475 822 562 Martialis,

244 571 371 640 Securis
394 569 492 636 liceat
513 566 579 633 irui
602 566 730 650 diebus,

244 660 279 729 Si
301 660 472 746 disponere
495 660 625 742 tempus
648 653 791 721 otiosum

243 750 288 818 Et
311 769 405 815 verae
428 745 553 833 pariter
575 765 690 812 uacare
712 743 815 808 vitae:
987 819 989 823 ι

218 839 312 907 sNeo
334 858 394 904 nos
418 835 515 918 atria,
538 855 598 900 nee
621 833 735 900 domos
759 833 946 918 potentum,
1012 829 1016 837 ’

244 926 313 994 Neo
335 927 411 992 lites
434 923 569 990 tetricas
592 921 765 1006 forumque
789 920 885 986 triste

245 1014 437 1097 Nossemus,
458 1032 518 1078 neo
541 1010 702 1098 imagines
725 1008 896 1094 superbam

247 1103 310 1170 Sed
333 1101 490 1191 gestatio,
512 1101 657 1183 fabulae,
679 1098 799 1180 libelli,
825 1133 827 1136 ·

246 1192 402 1280 Campus,
425 1190 585 1277 porticus,
607 1189 738 1272 umbra,
760 1187 871 1273 virgo,
894 1185 1057 1270 thermae,

204 1280 336 1348 tuilsse
359 1284 469 1348 essent
491 1280 564 1346 losa
587 1299 727 1362 semper,
750 1275 785 1340 hi
808 1275 949 1342 labores.

247 1367 341 1436 Nune
363 1369 444 1434 vivit
466 1372 598 1457 necuter
622 1365 698 1446 sibi,
721 1365 889 1450 bonosque

248 1457 340 1524 Soles
364 1458 505 1545 effugere
528 1460 626 1541 atque
649 1455 739 1520 abire
764 1455 879 1536 sentit,

249 1545 312 1623 Qui
334 1547 430 1612 nobis
453 1549 589 1632 pereunt
612 1548 646 1610 et
669 1545 882 1627 imputantur.

249 1633 428 1720 Quisquam
451 1636 560 1700 rivers
583 1655 657 1700 oum
680 1631 776 1716 sciet,
799 1627 967 1698 moratur?

670 1789 747 1856 XXI
1177 1807 1188 1843 ρ,

250 1899 408 1978 Quintum
430 1919 491 1984 pro
508 1896 658 1980 Decimo,
680 1919 739 1981 pro
759 1895 892 1982 Crasso,
911 1894 1052 1982 Regale,
1070 1893 1212 1961 Macrum

293 1988 381 2055 Ante
404 1986 570 2054 salutabat
593 1985 707 2051 rhetor
730 1985 959 2070 Apollodotus.
1144 2028 1184 2078 „

249 2077 344 2144 Nunc
367 2082 540 2161 utrumque
564 2095 621 2140 suo
645 2073 804 2140 resalutat
826 2073 967 2140 nomine.
1008 2073 1173 2150 Quantum

294 2163 380 2232 Cura
402 2165 560 2252 laborque
583 2164 706 2247 potest!
745 2159 883 2248 Scripsit
905 2166 939 2228 et
962 2161 1102 2230 edidicit.
1253 2159 1256 2165 ’

632 2301 764 2370 ΙΧΧΠ.

250 2414 347 2481 Mene
370 2411 458 2480 domi
479 2411 544 2478 nisi
566 2414 599 2476 te
622 2409 712 2476 volui
734 2411 901 2498 meruique
924 2411 1046 2490 videre,

296 2501 369 2569 Sint
392 2501 487 2582 mihi,
510 2499 624 2584 Paule,
646 2504 722 2565 tuae
746 2499 875 2586 longius
898 2499 1078 2585 Esquiliae.

253 2589 316 2660 Sed
338 2591 531 2656 Tiburtinae
555 2612 627 2654 sum
649 2587 816 2674 proximus
839 2589 951 2655 aoeola
974 2590 1074 2674 pilae,

212 2753 213 2758 γ
296 2679 367 2756 Qua
390 2679 478 2744 videt
502 2679 672 2764 antiquum
694 2678 816 2743 rustica
840 2677 939 2744 Flora
961 2677 1087 2744 Iouem:
1130 2721 1132 2724 -

226 2769 336 2836 sAlta'
357 2767 519 2835 Suburani
542 2765 699 2834 vincenda
721 2769 772 2831 est
795 2766 914 2834 semita
936 2767 1012 2832 clivi

297 2857 342 2924 St
364 2879 530 2943 nunquam
555 2858 640 2922 sicco
664 2855 795 2920 sordida
818 2877 898 2920 sare
921 2855 1039 2941 gradu,
1147 2875 1150 2880 ·

252 2945 380 3032 Vixque
404 2945 500 3010 datur
524 2945 640 3032 longas
664 2944 827 3010 mulorum
852 2967 1001 3030 rumpere
1025 2944 1177 3010 mandras

298 3034 451 3119 Quaeque
474 3035 562 3100 trahi
585 3034 690 3100 multo
715 3054 880 3106 marmore
903 3033 979 3098 fune
1003 3033 1104 3100 vides.

254 3121 339 3190 Illud
363 3123 468 3190 adhue
491 3125 636 3210 gravius,
661 3122 746 3208 quod
770 3127 803 3188 te
825 3126 903 3207 post
925 3123 1015 3188 mille
1038 3123 1178 3202 labores,

211 3229 243 3278 10
297 3211 412 3306 Paule,
434 3217 535 3299 negat
558 3213 646 3278 lasso
669 3211 791 3276 ianitor
814 3232 885 3276 esse
908 3211 1005 3278 domi.

253 3300 371 3368 Exitus
394 3301 447 3367 hio
470 3301 577 3386 operis
601 3301 675 3366 veni
699 3299 895 3389 togulaeque
919 3299 1095 3368 medentis:

297 3391 362 3457 Vix
386 3391 471 3456 tanti
493 3389 630 3456 Paulum
654 3412 748 3456 mune
771 3389 881 3456 uidere
903 3389 975 3457 fuit.

255 3477 390 3565 Semper
412 3479 608 3546 inhumanos
631 3479 732 3546 habet
756 3480 921 3548 officiosus
945 3481 1083 3546 amieos:

297 3567 381 3656 Rex,
403 3568 467 3634 nisi
490 3568 676 3653 dormieris,
699 3591 765 3636 non
787 3573 882 3657 potes
906 3591 977 3638 esse
1000 3591 1108 3638 meus.
