2528 4038
190 206 261 272 138
523 207 561 265 M:
580 205 880 264 recusamus

239 369 397 438 Omnibus
421 371 561 458 adrides,
584 370 718 439 dicteria
741 371 820 439 dieis
843 373 879 439 in
902 393 1029 455 omnes,

284 459 337 528 Sic
360 465 394 527 te
417 462 585 528 convivam
610 483 704 548 posse
727 461 855 548 placere
878 465 986 546 putas.

213 548 286 614 rat
308 549 335 615 si
359 570 421 637 ego
443 547 511 616 non
534 550 633 636 belle,
655 549 712 616 sed
734 571 808 616 vere
832 551 944 616 dixero
968 547 1133 636 quiddam,

284 635 388 705 Nemo
410 640 611 728 propinabit,
634 637 831 724 Calliodere,
854 639 926 706 tibi.

588 817 591 826 2
650 779 748 847 XLV.

239 881 396 972 Lusistis,
419 889 500 954 satis
523 891 587 954 est:
609 887 722 954 lascivi
744 887 859 954 nubite
883 888 995 953 cunni:
1029 933 1045 956 .

284 973 448 1043 Permissa
470 981 521 1043 est
542 977 637 1044 nobis
660 997 726 1043 nun
747 976 812 1042 nisi
834 980 926 1042 casta
947 974 1070 1042 Venus.

239 1060 330 1129 Haec
352 1069 404 1130 est
426 1073 517 1132 casta
538 1065 671 1132 Venus?
693 1066 787 1130 nubit
809 1063 964 1132 Laetoria
987 1063 1117 1152 Lygdo:

284 1151 424 1240 Turpicr
446 1176 527 1222 uxor
549 1156 625 1240 erit,
649 1177 746 1242 quam
768 1153 865 1222 modu
888 1153 1024 1220 moecha
1046 1151 1117 1218 fuit
1252 1237 1253 1240 Ἴ

645 1295 759 1363 XLVI.
774 1290 776 1294 ’

242 1397 386 1486 Vapulat
409 1401 542 1468 adsidue
565 1405 675 1470 veneti
698 1401 855 1490 quadriga
878 1401 1025 1488 flagello,

284 1487 354 1557 Nec
376 1491 490 1558 currit:
513 1514 668 1580 magnam
690 1514 772 1576 rem,
794 1488 947 1578 Catiane,
969 1488 1058 1557 facit,

636 1631 766 1700 XLVII.

241 1735 407 1824 Nympha,
430 1740 494 1806 mei
519 1738 639 1806 Stellae
663 1761 745 1824 quae
767 1739 858 1806 fonte
882 1739 1062 1806 domestica
1084 1753 1161 1821 puro

285 1825 422 1892 Laberis
446 1832 479 1894 et
502 1829 624 1894 domini
648 1849 793 1914 gemmea
816 1832 904 1896 tecta
927 1829 1031 1910 subis,
1178 1821 1183 1850 ¹

116 1965 119 1972 .
241 1911 315 1980 Sive
338 1914 467 1982 Numae
491 1917 627 1982 coniunx
649 1917 777 1982 Triviae
799 1922 832 1983 te
856 1918 947 1984 misit
971 1919 1012 1982 ab
1037 1911 1150 1993 antris,

286 2001 362 2070 Sive
385 2003 598 2072 Camenarum
621 2005 660 2071 de
684 2025 783 2092 grege
804 2027 891 2073 nona
914 2007 1018 2071 venis:
1145 2041 1156 2092 χ
1252 2035 1253 2038 “

214 2090 375 2158 ullxolvit
397 2093 482 2160 votis
506 2094 567 2160 hac
590 2115 624 2160 se
648 2094 709 2160 tibi
731 2095 857 2181 virgine
880 2117 981 2181 porea

284 2179 429 2266 Marcus,
451 2181 605 2248 furtivam
629 2183 713 2268 quod
737 2182 834 2267 bibit,
857 2205 970 2270 aeger,
993 2201 1118 2268 aquam.

241 2267 293 2334 Tu
316 2273 470 2336 contenta
492 2293 565 2337 meo
588 2273 653 2336 ianr
678 2271 809 2338 crimine
832 2273 952 2358 gaudia
974 2271 1074 2338 fontis

285 2356 338 2426 Da
361 2380 474 2425 secura
496 2361 559 2426 tui:
583 2359 730 2426 sit'mihi
752 2383 833 2426 sana
856 2363 938 2427 sitis.

628 2501 778 2569 XLVIII.
827 2507 828 2510 ’

241 2603 335 2684 Quod
358 2611 428 2672 tarn
451 2607 574 2692 grande
598 2607 717 2694 sophos
741 2609 860 2674 clamat
882 2610 946 2675 tibi
965 2607 1063 2675 turba
1083 2600 1199 2688 togata,
1249 2569 1251 2574 V

285 2693 364 2761 Non
386 2700 436 2782 tu,
459 2695 634 2783 Pomponi,
657 2719 735 2764 cena
759 2697 880 2762 diserta
904 2702 962 2764 tua
987 2701 1044 2764 est.

648 2837 761 2905 XLIII

239 2939 317 3008 Non
341 2965 413 3010 sum
436 2944 475 3010 de
498 2944 609 3030 fragili
633 2944 769 3010 dolatus,
786 2944 889 3030 ulmo,

239 3029 310 3097 Nec
334 3054 416 3117 quae
440 3036 508 3098 stat
531 3034 637 3118 rigida
661 3033 777 3120 supina
800 3057 896 3114 vena,

239 3117 290 3184 De
313 3120 404 3206 ligno
428 3121 509 3186 mibi
533 3123 678 3206 quolibet
702 3121 853 3188 columna
876 3128 939 3209 est,

241 3205 306 3274 sed
328 3210 403 3284 viva
427 3215 582 3298 generata
605 3211 643 3276 de
669 3234 836 3298 cupressu:

213 3295 330 3373 cQuae
353 3285 413 3364 dee
437 3299 567 3364 saecula
590 3300 711 3366 centies
735 3306 867 3385 peracta

240 3384 310 3451 Nec
333 3387 451 3472 longae
475 3389 594 3453 cariem
617 3389 711 3454 timet
735 3397 892 3456 senectae.

239 3471 337 3540 Hanc
359 3480 411 3560 tu,
434 3476 580 3560 quisquis
604 3499 652 3560 es,
676 3499 695 3542 ο
719 3479 839 3564 malua,
862 3481 989 3548 timeto.

240 3558 328 3626 Nam
352 3563 381 3642 si
403 3565 456 3629 vel
479 3565 631 3632 minimos
655 3588 753 3633 manu
776 3569 887 3654 rapaci
