2610 4048
414 151 711 211 uerournuurou
730 151 848 212 uraca.
1118 161 1137 226 '1

160 322 217 389 Sic
241 322 341 388 miser
364 319 526 384 instantes
550 317 680 385 adfatus
705 318 823 384 dicitur
845 317 963 386 undas:

180 479 182 482 .
208 411 357 496 „Parcite
382 408 458 472 dum
481 430 636 494 propero,
658 407 798 496 mergite
822 429 896 474 cum
919 408 1042 476 redeo.“

568 531 687 598 XXVI.

159 641 261 708 Lusit
283 639 463 706 Nereidum
487 638 602 704 docilis
627 638 745 706 chorus
770 661 909 726 aequore
932 633 1005 708 trito

162 811 163 814 Ἴ
207 729 255 796 Et
277 729 369 796 vario
393 727 506 795 faciles
530 727 643 817 ordine
666 728 773 814 pinxit
796 751 906 815 aquas.

159 819 306 886 Fuscina
330 818 425 884 dente
448 817 560 882 minax
583 820 673 883 recto
696 817 774 903 fuit,
798 839 919 885 ancora
942 841 1054 886 curvo:

139 920 140 924 ’
209 907 414 976 Credidimus
438 927 565 972 remum
587 905 846 994 credidimusque
868 912 986 994 ratem,

131 997 209 1064 aar
234 1000 366 1084 gratum
389 996 499 1061 nautis
524 995 613 1060 sidus
636 993 761 1081 fulgere
784 995 950 1064 Laconum

209 1086 357 1172 Lataque
380 1084 552 1170 perspicuo
576 1083 650 1149 vela
673 1087 798 1151 tumere
822 1085 904 1151 sinu.

161 1175 246 1251 Quis
270 1179 384 1240 tantas
408 1173 541 1258 liquidis
565 1177 653 1238 artes
668 1173 802 1240 invenit
824 1175 860 1240 iu'
881 1173 1000 1241 undIs?

209 1265 279 1328 Aut
302 1263 412 1330 docuit
435 1263 528 1328 lusus
550 1261 611 1328 hos
635 1259 748 1328 Thetis
773 1269 829 1329 aut
853 1263 974 1332 didicit.

527 1369 530 1380 ’
562 1385 698 1452 XXVII.
778 1449 781 1453 .

162 1492 302 1559 Saecula
322 1491 587 1578 Carpophorum,
606 1490 742 1578 Caesar,
765 1492 792 1558 si
816 1491 926 1579 prisca
949 1493 1116 1578 tulissent,

209 1582 353 1648 Pauisset
373 1582 479 1648 nullas
501 1581 643 1646 barbara
665 1585 754 1646 terra
775 1579 875 1664 feras,

164 1670 243 1736 Non
265 1670 442 1736 Marathon
464 1673 611 1754 taurum,
633 1668 756 1734 Nemee
778 1669 934 1736 frondosa
956 1670 1098 1754 leonem,

211 1761 314 1826 Arcas
337 1757 537 1824 Maenalium
559 1780 626 1824 non
649 1759 813 1824 timuisset
836 1780 960 1844 aprum.

6 1573 8 1608 l

6 1609 9 1654 r

6 1663 9 1742 l

6 1747 9 1806 i

6 1851 8 1908 ζ
137 1827 241 1915 ailoe
265 1852 412 1913 armante
435 1869 552 1912 manus
575 1845 700 1931 hydrae
723 1869 811 1912 mors
835 1847 1051 1928 maluisset,

6 1917 13 2016 l
211 1937 296 2002 Huic
319 1958 474 2022 percussa
495 1935 583 2000 foret
606 1939 677 2000 tota
701 1933 873 2002 Chimaera
896 1937 1003 2001 semel.

6 2075 10 2100 l

127 2067 133 2096 ι
166 2025 328 2112 Igniferos
352 2023 459 2110 possit
482 2023 552 2090 sine
575 2023 730 2090 Colchide
753 2025 887 2110 iungere
910 2029 1035 2108 tauros,

6 2105 9 2120 ⁸
177 2119 178 2122 ’
211 2115 322 2179 Possit
345 2118 518 2198 utramque
541 2112 644 2178 feram
668 2113 795 2178 vincere
818 2111 1006 2197 Pasiphaes.

6 2259 8 2276 .
166 2201 202 2268 Si
225 2203 284 2286 sit,
308 2202 522 2288 utaequorei
545 2205 715 2266 revocetur
738 2200 851 2266 fabula
874 2201 1025 2284 monstri,
1075 2246 1079 2250 Δ

6 2291 8 2314 ³
119 2311 156 2358 ro
212 2291 380 2357 Hesionen
403 2291 509 2357 solvet
532 2291 620 2356 solus
645 2291 678 2355 et
702 2288 941 2356 Andromedan

110 2417 113 2422 .
164 2379 345 2446 Herculeae
368 2379 687 2445 laudisnumeretur
710 2378 830 2463 gloria:
853 2378 927 2465 plus
951 2381 1003 2444 est

6 2479 7 2494 ¹
211 2469 268 2536 Bis
293 2469 394 2535 denas
416 2466 542 2556 parlier
564 2467 787 2550 perdomuisse
809 2465 906 2534 ferar.
1028 2503 1032 2513 ·

552 2605 706 2674 XXVIII.

164 2717 310 2804 Augusti
331 2715 428 2782 labor
450 2714 504 2780 hic
526 2713 635 2779 fuerat
658 2713 1007 2782 committere‘classes

210 2805 257 2872 Et
279 2805 365 2871 freta
387 2804 499 2870 navali
523 2802 701 2869 sollicitare
724 2802 813 2889 tuba.

163 2895 317 2964 Caesaris
335 2894 417 2960 haec
434 2892 541 2958 nostri
559 2913 637 2976 pars
661 2894 712 2956 est
735 2891 857 2976 quota?
880 2893 963 2960 uidit
985 2894 1021 2960 in
1043 2893 1137 2960 undis

209 2983 255 3049 Et
277 2983 392 3048 Thetis
415 2983 547 3069 ignotas
571 2985 604 3046 et
627 2977 766 3046 Galatea
787 2978 887 3065 Ieras3

6 3087 7 3128 ἒ
136 3073 259 3140 5Vidit
281 3072 317 3137 in
339 3092 500 3157 aequoreo
523 3070 685 3152 ferventes
708 3069 841 3156 pulvere
864 3091 977 3138 currus
1048 3085 1049 3088 ’

209 3161 257 3226 Et
281 3160 405 3226 domini
429 3161 545 3226 Triton
568 3159 633 3226 isse
657 3158 787 3246 putavit
811 3181 925 3244 equos:

162 3250 315 3335 Dumque
338 3254 435 3336 parat
458 3251 565 3316 saevis
589 3249 716 3315 ratibus
739 3247 808 3312 fera
826 3248 951 3333 proelia
969 3248 1108 3333 Nereus,

209 3338 349 3404 Horruit
371 3341 407 3404 in
429 3339 563 3425 liquidis
586 3341 634 3405 ire
657 3336 817 3426 pedestris
843 3337 945 3420 aquis.
989 3374 993 3382 ·

161 3427 328 3513 Quidquid
352 3429 443 3494 etin
466 3428 552 3494 circo
577 3431 743 3514 spectatur
767 3427 800 3490 et
819 3424 1074 3510 amphitheatro3
1139 3489 1141 3494 ,

116 3537 150 3588 10
209 3516 321 3602 Diras,
345 3515 476 3603 Caesar,
499 3517 542 3603 io,
565 3516 733 3604 praestitIt
756 3513 844 3580 unda
865 3513 938 3582 tibi.
961 3545 964 3550 ¹
1023 3515 1025 3519 ’
