2596 4032
368 202 671 262 EPIGRAIIMA'I’ON
690 203 757 260 LIB.
777 203 823 262 XI.
1042 206 1108 272 275

515 365 679 434 LXXVII.

128 463 170 528 In
193 464 345 530 omnibus
369 463 515 532 Vacerra
539 465 626 552 quod
650 464 861 532 conclavibus

129 550 303 618 Consumit
324 554 481 621 horastet
504 553 649 621 dictato
674 553 778 636 sedet,

130 639 236 708 Cenat
221 643 305 708 turit
327 642 486 730 Vacerra,
510 665 577 710 non
601 643 771 710 cacaturit.
931 677 945 753 ι)

467 764 727 859 LXXVIII.
718 775 727 814 ¹

130 889 233 956 Utere
255 888 405 956 femineis
429 889 653 978 complexibus
658 869 794 976 ‚utere‚
817 889 945 976 Victor,

174 977 395 1064 Ignotumque
420 915 524 1044 sibip
507 983 598 1044 mant
583 981 654 1045 tula
678 979 782 1046 discat
768 983 898 1066 lopus.

129 1065 299 1132 Flammea
321 1071 476 1134 texuntur
500 1091 655 1154 sponsae,
678 1069 745 1134 iam
768 1068 862 1156 virgo
885 1073 1035 1156 paratur,

175 1154 340 1233 Tondebit
362 1178 480 1240 pueros
504 1157 571 1222 iam
595 1180 681 1223 nova
703 1161 807 1241 nupta
830 1161 915 1223 tuos.

102 1230 307 1310 5Paedicare
331 1246 433 1310 semel
456 1245 573 1331 cupido
597 1245 689 1312 dabit
711 1244 771 1310 illa
794 1245 929 1332 marito,

174 1333 264 1398 Dum
286 1334 403 1400 metuit
389 1335 484 1400 tteli
507 1335 642 1400 vulnera
658 1335 772 1488 prima
794 1334 884 1400 novi.

131 1421 269 1506 Saepius
292 1421 355 1488 hoc
377 1423 449 1488 fieri
471 1423 582 1488 nutrix
604 1427 673 1488 mat
675 1445 772 1509 arque
796 1427 851 1490 vet
836 1423 954 1490 tabunt

175 1511 221 1576 Et
243 1511 352 1577 dicent
373 1510 496 1596 „Ux0r,
519 1534 587 1579 non
609 1534 703 1598 puer,
727 1513 793 1578 ista
759 1512 878 1578 ttibi
902 1512 980 1579 ast.“

130 1599 204 1666 Heu
229 1604 331 1686 quant
333 1621 370 1666 os
373 1562 517 1686 ”aestua
541 1604 643 1686 quant
645 1622 680 1666 os
704 1601 829 1685 patiere
853 1601 998 1688 labores,

83 1707 119 1757 ιο
177 1687 212 1755 Si
234 1691 334 1755 fuerit
357 1711 480 1755 cunnus
504 1711 555 1754 res
578 1711 678 1776 pereg
679 1689 751 1755 rina
774 1689 849 1755 tibil

129 1777 222 1864 Ergo
247 1776 483 1844 Suburanaet'
459 1782 637 1844 ttrronem
623 1778 715 1843 trade
739 1778 927 1881 magistrae.

145 1867 241 1955 „Illa
262 1869 370 1932 virum
392 1867 502 1933 faciet·
477 1871 504 1952 t,
527 1889 593 1932 non
616 1867 697 1932 bene
720 1867 814 1953 virgo
839 1866 941 1934 docet.

523 2007 671 2074 cxxix.

111 2105 185 2174 ,Ad
208 2105 350 2190 primum
373 2103 499 2170 decima
521 2104 664 2189 lapidem
688 2105 775 2190 quod
798 2105 945 2172 venimus
968 2105 1064 2190 hora,

176 2193 356 2280 Arguimur
379 2194 487 2258 lentae
511 2194 646 2258 crimine
669 2195 832 2281 pigritiae.

131 2283 208 2350 Non
222 2287 272 2348 est
285 2283 352 2348 ista
366 2281 510 2366 quidem,
528 2305 595 2348 non
613 2286 664 2348 est
681 2305 768 2368 mea,
787 2283 843 2348 sed
857 2287 915 2350 tua
929 2282 1028 2369 culpa
1040 2287 1104 2367 est,

177 2372 299 2438 Misisti
321 2371 429 2436 mulas
452 2371 509 2455 qui
532 2371 626 2456 mihi,
648 2369 763 2458 Paete,
787 2377 871 2438 tuas.

533 2512 661 2579 LXXX.

131 2611 225 2676 Litus
248 2611 364 2677 beatae
387 2607 525 2675 Veneris
550 2633 682 2676 aureum
705 2609 819 2695 Baias,

131 2700 230 2767 Baias
255 2701 414 2786 superbae
438 2699 560 2764 blanda
582 2699 667 2765 dona
688 2705 839 2785 naturae,
1048 2777 1052 2786 ἱ

131 2788 179 2856 Ut
202 2789 291 2855 mille
314 2787 458 2872 laudem,
480 2787 608 2874 Flacca,
632 2787 780 2854 versibus
805 2787 919 2874 Baias,

29 2931 33 2935 .
130 2877 286 2944 Laudabo
311 2877 408 2964 digne
431 2897 497 2942 ιιοιι
522 2877 601 2942 salis
625 2881 737 2944 tamen
759 2877 868 2944 Baias.

102 2966 196 3034 sSed
218 2966 404 3033 Martialem
429 2965 532 3050 malo,
554 2964 682 3050 Flacca,
706 2989 805 3052 quam
828 2966 936 3032 Baias.
1010 2999 1013 3002 ·

131 3056 254 3141 Optare
277 3060 315 3121 ut
316 3078 453 3140 rumque
476 3055 564 3141 parit
566 3077 613 3140 er,
636 3056 778 3140 improbi
802 3060 913 3122 votum
937 3057 997 3121 est

130 3143 274 3222 Quod
247 3167 276 3210 s1
300 3144 433 3213 deorum
457 3166 589 3210 munere
611 3144 712 3210 hoct
698 3145 762 3210 tibi
783 3144 922 3229 detur,

131 3234 218 3312 Quid
239 3233 433 3348 gaudiorum
457 3237 508 3299 est
493 3231 619 3298 tMart
620 3231 694 3298 ialis
719 3238 753 3299 et
738 3196 890 3299 tBaiael

523 3329 741 3442 Lxxxls

130 3473 214 3542 Cum
228 3497 305 3542 sene
320 3494 523 3542 communem
537 3478 634 3540 vexat
652 3471 751 3556 spado
767 3471 949 3558 Dindymus
965 3455 1104 3557 Xeglan,

129 3565 176 3630 Et
199 3563 317 3631 iacet
308 3587 343 3630 ιιι
366 3562 522 3630 medio
498 3585 583 3630 areca
606 3561 754 3648 puellat
755 3582 822 3629 oro.

889 3664 943 3720 18⁸
