2528 4038
187 195 231 264 72
493 223 498 228 ·
521 193 562 255 M.
580 193 662 254 VAIa
678 194 877 252 malms

647 357 750 426 LVII

230 463 378 534 Callidus
400 462 559 549 imposuit
580 485 685 550 nuper
708 463 790 529 mibi
813 485 896 550 copo
918 463 1105 534 Ravennae:

274 553 358 622 (lum
379 555 525 640 peterem
547 551 702 637 mixtum,
724 553 871 619 vendidit
893 552 950 620 ille
974 577 1106 622 merum.

635 691 755 760 LVIII.

229 800 356 868 Baiana
377 801 482 869 nostri
504 799 600 884 villa,
621 797 740 884 Basse,
762 799 912 869 Faustini
1005 863 1008 870 .

230 889 307 970 Non
329 891 444 958 otiosis
467 889 619 956 ordinata
641 890 796 972 myrtetis

230 977 401 1064 Viduaque
423 978 560 1065 platano
582 977 759 1062 tonsilique
782 979 904 1046 buxeto

231 1065 368 1151 Ingrata
390 1066 451 1133 lati
474 1067 581 1152 spatia
604 1066 728 1134 detinet
751 1068 887 1152 campi,

206 1151 296 1220 oSed
318 1177 391 1222 rure
413 1177 490 1222 uero
514 1155 718 1240 barbaroque
740 1155 893 1222 laetatur.

232 1241 295 1309 Hic
316 1242 403 1310 farta
425 1245 584 1330 premitur
607 1244 727 1330 angulo
750 1243 848 1310 Ceres
872 1244 961 1310 omni

230 1329 277 1396 Ilt
299 1333 403 1398 multa
424 1333 552 1418 fragrat
573 1337 661 1398 testa
684 1333 815 1398 senibus
839 1333 1018 1418 autumnis3

232 1418 296 1484 Hic
317 1424 393 1507 post
415 1419 615 1487 Novembres
638 1421 828 1488 imminente
850 1421 917 1488 iarn
940 1421 1075 1488 bruma·

232 1505 328 1574 Seras
351 1511 484 1596 putator
505 1509 656 1576 horridus
679 1510 780 1576 refert
802 1532 892 1576 uvas.

190 1613 224 1664 ιο
234 1595 354 1664 Truces
376 1597 411 1662 in
434 1597 503 1664 alta
525 1598 610 1664 valle
632 1598 783 1685 mugiunt
805 1599 894 1664 tauri

136 1713 138 1716 ·
231 1684 427 1770 Vitulusque
449 1685 566 1752 inermi
587 1685 695 1752 fronte
719 1686 824 1772 prurit
846 1687 881 1752 in
904 1709 1056 1774 pugnam,
1154 1701 1158 1708 ·
1243 1649 1244 1700 3

232 1773 382 1861 Vagatur
404 1774 509 1840 omnis
532 1775 630 1840 turba
653 1774 802 1840 sordidae
824 1773 961 1861 chortis,

232 1863 379 1950 Argutus
403 1884 498 1928 anser
521 1864 722 1948 gemmeique
744 1885 887 1948 pavones

232 1949 423 2036 Nomenque
447 1951 542 2016 debet
564 1961 647 2037 quae
669 1953 860 2017 rubentibus
884 1952 992 2037 pinnis

190 2053 223 2102 15
232 2039 277 2104 Et
299 2039 388 2126 picta
410 2039 523 2125 perdix
546 2037 799 2124 Numidicaeque
823 2043 972 2124 guttatae

232 2127 278 2192 Et
300 2127 476 2214 impiorum
498 2127 658 2213 phasiana
681 2127 888 2212 Colchorum3

232 2214 377 2280 Rhodias
400 2215 531 2301 superbi
554 2216 693 2282 feminas
715 2221 867 2301 premunt
890 2217 986 2303 galli3
1105 2221 1106 2226 ’

233 2299 420 2388 Sonantque
443 2308 548 2369 turres
572 2305 740 2389 plausibus
764 2303 1000 2388 columbarum,

234 2388 342 2456 Gemit
364 2391 440 2458 hine
461 2393 649 2478 palumbus,
672 2392 745 2458 inde
769 2415 879 2459 cereus
901 2396 1019 2460 turtur.

188 2477 332 2544 aoAvidi
354 2484 506 2547 secuntur
529 2482 642 2548 vilicae
666 2481 774 2546 sinum
796 2481 887 2565 porci
925 2507 937 2530 ·

233 2564 435 2654 Matremque
458 2571 589 2654 plenam
612 2569 719 2636 mollis
742 2591 846 2656 agnus
871 2574 1029 2656 expectat.

233 2652 378 2742 Cingunt
400 2679 548 2724 serenum
571 2659 668 2724 lactei
689 2657 798 2724 focum
821 2679 939 2724 vernae
964 2719 967 2722 .

232 2741 277 2807 Et
299 2743 391 2829 larga
413 2746 516 2812 festos
539 2747 626 2813 lucet
649 2746 689 2812 ad
712 2747 797 2811 lares
822 2745 912 2812 silva.
1040 2823 1042 2828 ,

127 2903 128 2906 Ἴ
231 2829 307 2897 Non
330 2833 438 2919 segnis
462 2835 537 2901 albo
560 2835 665 2921 pallet
687 2835 754 2900 otio
778 2855 874 2920 copo,

188 2918 300 2986 25Nec
321 2923 428 3010 perdit
450 2923 557 2989 oleum
580 2922 724 2989 lubricus
748 2922 953 3006 palaestrita,

232 3005 295 3073 Sed
316 3010 423 3075 tendit
446 3012 549 3077 auidis
573 3016 642 3077 rete
665 3011 837 3077 subdolum
860 3011 964 3076 turdis

231 3095 423 3164 Tremulave
445 3103 577 3186 captum
599 3099 685 3164 linea
709 3099 811 3165 trahit
834 3097 956 3183 piscem
1034 3185 1035 3189 Ἰ

231 3186 299 3249 Aut
321 3186 511 3272 impeditam
535 3188 679 3256 cassibus
702 3187 802 3253 refert
826 3187 1001 3273 dammam3

229 3271 368 3341 Exercet
389 3275 511 3343 hilares
533 3277 640 3344 facilis
663 3276 779 3342 hortus
803 3276 960 3360 urbanos,

186 3375 221 3424 ³0
231 3360 277 3426 Et
298 3364 488 3453 paedagogo
511 3389 578 3434 non
600 3367 731 3433 iubente
755 3364 869 3429 lascivi

230 3447 348 3518 Parere
371 3456 514 3540 gaudent
536 3457 631 3522 vilico
656 3453 814 3540 capillati,

229 3534 277 3599 Et
300 3539 454 3608 delicatus
479 3566 574 3630 opere
596 3544 716 3610 fruitur
740 3541 913 3608 eunuchus.
977 3579 978 3582 =
1042 3629 1043 3632 Ἴ
