2610 4048
253 294 257 317 ,
366 231 668 291 auiuaauuruou
686 231 754 291 um.
773 233 793 290 1.
1046 237 1089 304 29

506 449 653 518 LXXVL

118 558 144 626 0
169 560 251 626 mihi
275 583 426 628 curarum
450 561 592 646 pretium
614 580 681 625 non
703 557 769 623 vile
793 577 953 646 mearum,

161 649 290 733 Flacoe,
313 650 494 716 Antenorei
518 670 592 735 spes
617 651 650 714 et
674 647 804 714 alumne
826 645 926 733 laris„

117 737 242 804 Pierios
266 739 360 806 differ
382 743 497 806 cantus
521 738 747 823 citharamque
770 734 933 822 sororum}

161 829 227 893 Aes
252 827 345 893 dabit
368 850 406 894 ex
430 829 504 894 istis
520 828 618 896 nulla
641 825 751 914 puella
772 826 846 892 tibi.

94 913 209 992 uouid'
222 917 308 1002 petis
328 939 347 984 a
361 917 517 984 Phoebo?
536 937 688 982 nummos
706 915 807 980 habet
821 936 897 981 arca
910 913 1091 1000 Minervam

160 1003 252 1072 Haec
275 1006 375 1092 sapit,
398 1007 479 1072 haec
503 999 615 1072 omnes
639 1004 767 1070 fenerat
789 1026 854 1070 una
877 1003 964 1070 deos.

120 1093 204 1170 Quid
227 1099 367 1180 possunt
389 1095 528 1161 hederae
552 1093 674 1171 Bacchi
697 1091 796 1159 dore?
824 1091 969 1159 Palladis
992 1091 1091 1159 orbor

101 1250 105 1257 ,
161 1182 306 1250 Inclinat
329 1185 437 1249 varias
460 1183 603 1270 pondere
626 1184 724 1270 nigra
747 1204 867 1249 comus.

118 1271 253 1338 Praeter
276 1295 379 1358 aquas
401 1271 542 1339 Helicon
565 1275 599 1340 st
622 1277 709 1337 serta
732 1272 887 1357 lyrasque
911 1270 1041 1336 dearum

80 1375 110 1424 10
158 1359 222 1426 ‘Nil
245 1361 348 1428 habet
370 1366 404 1428 et
427 1383 598 1448 maguum,
621 1360 678 1426 sed
701 1362 855 1447 perinane
880 1359 1011 1446 sophos.

120 1449 207 1527 Quid
229 1450 292 1516 tibi
315 1473 388 1518 cum
408 1447 549 1517 Cirrha?
572 1449 649 1534 quid
670 1471 743 1516 cnm
761 1448 963 1514 Permesside
981 1445 1090 1514 nude?

161 1537 351 1604 Romanum
374 1541 509 1626 propius
533 1539 729 1624 divitiusque
752 1537 858 1604 forum
882 1541 942 1604 est.

117 1627 189 1693 Illic
214 1647 292 1694 aera
315 1633 447 1693 sonant:
471 1632 506 1693 at
530 1628 649 1692 circum
673 1627 802 1714 pulpita
823 1629 938 1692 nostru

161 1717 207 1782 nt
232 1717 361 1783 steriles
385 1717 558 1784 cathedras
582 1717 674 1782 basia
697 1715 770 1782 sola
792 1718 935 1800 crepant.

129 1912 140 1962 ¹
504 1927 669 1998 mmwr

118 2037 260 2104 Pulchre
283 2036 374 2104 valet
396 2033 572 2119 Charinus,
595 2041 628 2102 et
651 2039 761 2102 tamen
783 2035 896 2122 pellet.

101 2125 221 2193 vParce
245 2126 335 2192 bibit·
353 2123 528 2208 Charinus,
552 2129 585 2190 et
608 2127 719 2190 tamen
740 2125 852 2210 pallet.

118 2214 207 2281 Bene
231 2215 408 2300 concoquit
431 2212 606 2298 Charinus,
630 2217 663 2278 et
686 2218 798 2279 tamen
820 2213 932 2299 pallet.

120 2303 197 2370 Sole
220 2304 328 2370 utitur
350 2302 524 2386 Charinus,
548 2308 582 2368 et
604 2307 716 2368 tamen
737 2301 848 2389 pallet

94 2393 234 2480 uTingit
258 2397 367 2459 cutem
390 2391 566 2476 Charinus,
589 2395 622 2457 et
645 2395 756 2456 tamen
778 2390 892 2478 pallet.

121 2480 272 2550 Cunnum
296 2479 459 2548 Charinus
482 2479 594 2566 lingit,
617 2483 650 2545 st
671 2485 782 2546 tamen
804 2479 914 2566 pallet
966 2487 968 2491 ’

493 2643 675 2760 cxxvni
800 2674 814 2682 “

118 2799 277 2889 Indignas
301 2803 463 2887 premeret
486 2801 589 2886 pestis
612 2821 685 2864 cum
709 2797 822 2865 tabida
843 2797 954 2865 fauces

80 2944 85 2953 .
162 2889 269 2978 Inque
292 2911 369 2956 suos
394 2889 504 2954 vultus
527 2892 674 2974 serperet
696 2892 769 2954 atra
790 2889 873 2974 lues,

121 2977 222 3046 Siccis
246 2980 317 3064 ipso
365 2978 434 3045 onis
457 2977 571 3043 flentes
595 2977 746 3043 hortatus
769 2977 892 3044 amicos

164 3068 320 3136 Decrevit
341 2999 479 3156 {tygios
502 3065 620 3132 Festus
643 3065 732 3132 adire
755 3066 853 3132 lacus.

95 3157 190 3224 uNec
212 3162 327 3224 tamen
350 3157 489 3222 obscuro
513 3156 568 3242 pia
590 3153 710 3241 polluit
733 3175 791 3220 ora
813 3175 937 3222 veneno
996 3166 999 3172 '
1029 3184 1043 3210 ο
1101 3174 1104 3178 ’

164 3247 236 3313 Aut
259 3245 359 3312 torsit
381 3245 472 3310 lenta
494 3245 603 3310 tristia
625 3243 695 3308 fata
717 3242 818 3327 fame,

121 3333 276 3402 Sanctam
299 3335 449 3400 Romana
470 3333 574 3400 vitam
598 3332 654 3398 sed
677 3337 783 3398 morte
806 3331 934 3419 peregit

166 3424 364 3510 Dimisitque
388 3425 532 3490 animam
555 3421 715 3488 nobiliore
738 3423 800 3487 uia.
903 3463 904 3466 =
1085 3502 1088 3506 Ι

121 3511 215 3581 Hanc
237 3519 379 3580 mortem
402 3512 481 3579 fatis
505 3511 618 3600 magni
641 3511 804 3596 praeferre
827 3508 962 3576 Catonis

83 3618 112 3668 10
160 3601 269 3670 Fama
292 3606 415 3689 potest:
438 3603 535 3668 huius
560 3601 681 3670 Caesar
704 3600 826 3666 amicus
849 3601 930 3666 erat.
