2610 4048
388 239 689 302 EPIGRAMMATON
708 245 778 303 ms.
797 245 832 304 Il.
1080 249 1123 316 49

114 403 297 472 sCaceuba
320 409 490 472 saccentur
514 430 660 495 quaeque
684 431 788 476 annus
813 409 901 476 coxit
924 407 1047 498 Opimi,

192 493 385 561 Condantur
406 517 505 582 pareo
528 497 622 564 fusca
644 497 783 564 Falerna
806 499 901 566 vitro.

147 582 270 648 Omnes
294 583 481 670 Tongilium
506 585 622 654 medici
644 587 766 653 iussere
789 587 910 654 lavari:

192 671 221 738 Ο
245 672 354 758 stulti,
376 672 501 740 febrem
525 675 656 744 creditis
681 675 773 742 esse?
811 673 898 742 Gula
920 679 979 745 est.

145 937 249 1020 „Ride
273 938 302 1003 si
325 939 427 1026 sapis,
451 961 471 1006 o
494 941 619 1026 puella,
642 941 731 1008 ride“

145 1025 340 1114 Paelignus,
363 1032 460 1116 puto,
483 1029 610 1096 dixerat
633 1034 740 1118 poeta„
849 1059 852 1063 ·

139 1114 211 1181 'Sed
234 1137 301 1182 non
325 1117 451 1183 dixerat
470 1119 621 1185 omnibus
644 1119 773 1204 puellis.

7 1233 9 1256 ·
145 1204 271 1272 Verum
295 1209 332 1270 ut
354 1205 473 1272 dixerit
496 1207 648 1274 omnibus
671 1207 805 1294 puellis,

115 1293 225 1360 oNon
248 1293 332 1359 dixit
355 1295 428 1363 tibi:
451 1299 488 1361 tu
511 1297 622 1382 puella
644 1318 711 1361 non
733 1318 782 1376 es,

144 1383 194 1448 Et
216 1386 285 1448 tres
309 1387 385 1450 sunt
407 1383 482 1470 tibi,
505 1385 700 1469 Maximine,
723 1385 850 1472 dentes,

146 1471 214 1537 Sed
236 1473 333 1558 plane
355 1473 502 1559 piceique
524 1475 694 1560 buxeique.

146 1561 258 1639 Quare
283 1563 310 1626 si
334 1564 466 1648 speculo
490 1562 634 1650 mihique
658 1561 777 1648 credis,
811 1582 812 1586 ’

144 1649 257 1716 Debes
281 1671 347 1716 non
372 1651 469 1716 aliter
491 1652 607 1717 timere
629 1652 749 1734 risum,

97 1739 255 1816 10Quam
278 1743 412 1804 ventum
437 1737 576 1824 Spanius
601 1761 798 1824 manumque
820 1737 966 1826 Priscae,

146 1827 256 1904 Quam
279 1832 406 1894 cretata
428 1829 526 1895 timet
549 1827 689 1895 Fabulla
710 1827 872 1916 nimbum,

75 1960 79 1964 -
147 1917 327 1985 Cerussata
350 1918 446 1985 timet
467 1915 603 1986 Sabella
626 1917 745 1988 solem..
789 1983 791 1988 ,
863 1984 866 1988 ,

144 2003 269 2070 Vultus
292 2005 390 2071 indae
412 2010 449 2072 tu
473 2005 579 2093 magis
604 2027 747 2090 severos,

147 2093 256 2170 Quam
279 2094 419 2160 coniunx
443 2095 565 2160 Priami
587 2115 752 2180 nurusque
776 2094 889 2161 maior.

59 2189 61 2192 ’
100 2171 268 2248 rtMimos
292 2182 422 2248 ridiculi
444 2183 650 2250 Philistionis

146 2271 195 2336 Et
219 2272 369 2337 convivia
390 2273 548 2357 nequiora
570 2272 640 2338 vita

148 2359 196 2425 Et
220 2360 375 2446 quidquid
399 2361 506 2447 lepida
528 2361 729 2446 procacitate

147 2448 255 2514 Laxat
277 2448 450 2535 perspicuo
474 2449 597 2516 labella
619 2450 698 2516 risu.

147 2537 195 2602 Te
219 2543 365 2604 maestae
388 2538 479 2605 decet
501 2536 648 2604 adsidere
663 2536 770 2603 'rnatri
808 2545 810 2552 ’

99 2627 330 2714 ‘roLugentive
354 2628 460 2694 uirum
483 2628 615 2714 piumve
638 2627 788 2709 fratrem,
852 2681 854 2685 .

145 2716 196 2782 Ee
218 2721 348 2782 tantum
369 2717 507 2804 ,tragicis
531 2737 647 2783 vacare
670 2713 782 2779 Musis.

147 2807 196 2870 At
218 2809 255 2870 tu
268 2805 433 2872 iudicium
458 2809 570 2871 secuta
592 2807 742 2869 nostrum
867 2859 868 2862 ,

67 2967 69 2970 ,
100 2964 104 2971 ,
144 2893 262 2979 Plora,
285 2895 314 2959 si
337 2894 439 2980 sapis,
463 2893 632 2980 opuella,
654 2891 760 2980 plora.
808 2973 812 2978 ,

563 3031 729 3120 xnus
788 3083 791 3090 ‚

138 3160 252 3246 Zoilo,
275 3159 353 3246 quid
376 3161 496 3228 solium
520 3162 651 3227 subluto
675 3159 787 3245 podice
811 3159 942 3246 perdis?

194 3248 350 3337 Spurcius
375 3254 412 3314 ut
434 3251 516 3336 fiat,
530 3249 633 3335 Zoilo,
657 3269 768 3335 merge
792 3251 898 3335 caput.

552 3387 709 3477 xnml

145 3517 257 3582 Κοινὰ
270 3520 381 3603 φίλων
394 3517 476 3584 haec
491 3522 577 3603 sunt,
587 3519 668 3582 haee
683 3519 760 3581 sunt
774 3520 840 3601 tua,
851 3513 1004 3603 Candide,
1013 3521 1121 3602 κοινά,
1248 3519 1249 3522 '

190 3603 281 3696 Quae
304 3612 341 3672 tu
365 3606 569 3694 magnilocus
593 3609 688 3701 nocte
712 3605 827 3690 dieque
851 3626 963 3670 sonas:

151 3719 236 3764 Mna.
594 3705 596 3708 ⁵
942 3713 960 3762 4
