2596 4032
179 211 247 278 330
508 207 546 266 Μ.
565 208 647 266 VAL.
666 206 867 264 MARTIALIS

606 371 769 440 Manuale.

223 469 274 536 Ne
298 475 377 558 toga
399 469 556 536 barbatos
579 468 680 536 faciat
703 470 756 535 vel
779 468 921 556 paenula
943 467 1062 552 libros,

267 557 358 626 Haec
381 559 471 625 abies
495 557 618 625 chartis
642 562 792 644 tempora
815 557 916 644 longa
940 556 1040 624 dabit.

442 697 601 766 LXXXV.
622 697 734 766 Lecton
752 701 938 784 pavoninus.

223 804 367 874 Nomina
389 805 446 872 dat
468 804 612 890 spondae
635 804 730 888 pictis
753 803 974 889 pulcherrima
992 805 1110 892 pinnis
1230 785 1239 878 J

268 893 363 962 Nunc
385 893 520 960 Iunonis
544 893 628 976 avis,
650 893 707 959 sed
730 893 821 979 prius
843 893 955 982 Argus
980 896 1059 960 erat.
1190 979 1198 985 ⁸

587 1033 790 1118 Ephippium.
836 1053 879 1118 *s

225 1141 382 1230 Stragula
403 1139 560 1207 succincti
583 1145 719 1207 venator
743 1162 835 1208 sume
861 1141 982 1207 veredi:

268 1229 355 1298 Narn
379 1231 464 1296 solet
486 1251 506 1294 a
528 1228 616 1295 nudo
640 1251 772 1317 surgere
796 1229 876 1296 ficus
901 1250 992 1316 equo.

506 1369 700 1438 LXXXVII.
722 1370 875 1440 sueonia

123 1481 124 1485 ’
226 1467 344 1552 Accipe
369 1467 484 1534 lunata
506 1467 664 1552 scriptum
686 1468 850 1535 testudine
873 1469 988 1556 sigma.

269 1554 350 1622 Octo
374 1558 476 1642 capit3
499 1557 608 1622 veniat
630 1556 778 1643 quisquis
802 1557 926 1624 amicus
950 1557 1020 1624 erit.

578 1695 804 1764 Gnatutorinne.

225 1793 413 1860 Femineam
436 1792 531 1860 nobis
555 1792 693 1860 cherson
716 1793 744 1859 si
768 1793 873 1860 credis
896 1794 1018 1880 inesse,

167 1945 169 1950 .
270 1881 453 1970 Deciperis:
475 1882 586 1968 pelagi
608 1881 896 1969 masculapraedn
920 1906 1041 1950 sumus.
1210 1900 1214 1905 ·

469 2021 644 2089 LXXXIX.
668 2023 783 2090 Mensa
805 2026 909 2092 citrea.

226 2121 347 2206 Accipe
369 2121 496 2200 felices,
520 2121 687 2186 Atlantica
710 2142 857 2208 munera,
881 2123 996 2189 silvas:

270 2212 380 2278 Aurea
402 2209 459 2296 qui
482 2209 607 2276 dederit
629 2209 728 2295 dona,
751 2210 878 2278 minora
902 2209 1003 2279 dabit

559 2351 675 2418 Mensa
696 2371 818 2419 acerna.

226 2456 302 2524 Non
325 2479 398 2524 snm
420 2456 527 2541 crispa
550 2457 681 2542 quidem
704 2479 763 2523 nec
787 2458 888 2526 silvae
912 2459 979 2525 filia
1002 2457 1152 2544 Maurae,

271 2545 335 2612 Sed
357 2551 477 2612 norunt
499 2546 607 2612 lautas
631 2550 665 2612 et
687 2567 759 2612 urea
782 2546 873 2634 ligna
896 2549 1004 2636 dapes.

502 2685 585 2754 XCI.
608 2685 724 2754 Dentes
746 2650 879 2755 chorraei.

227 2767 373 2861 Grandia
395 2797 565 2860 taurorum
588 2797 723 2879 portant
745 2792 801 2877 qui
825 2815 974 2879 corpora,
998 2794 1144 2878 quaeris,

270 2883 325 2949 -An
346 2882 486 2968 Libycas
509 2884 637 2968 possint
660 2881 854 2947 sustinuisse
877 2881 1011 2949 trabes?

571 3022 810 3107 Quinquepedal.

225 3129 352 3197 Puncta
373 3129 460 3196 notis
483 3129 549 3196 ilex
572 3133 606 3196 et
629 3133 724 3196 acute
747 3127 880 3215 cuspide
903 3128 996 3196 clusa

271 3218 375 3306 Saepe
397 3217 613 3304 redemptoris
636 3217 774 3304 prodere
797 3217 887 3286 furta
910 3218 1003 3296 solet.

466 3357 583 3426 XCIII.
607 3360 724 3426 Poenlu
747 3360 920 3448 arotnypn.

227 3465 302 3532 Non
325 3467 376 3532 est
399 3467 464 3532 ista
487 3487 598 3532 recens
622 3488 681 3532 nec
703 3469 808 3533 nostri
834 3467 940 3556 gloria
963 3465 1057 3532 caeli:
1135 3477 1139 3483 ·

271 3553 400 3619 Primus
425 3554 459 3620 in
481 3552 533 3620 his
557 3553 701 3640 Mentor,
724 3556 801 3621 dum
824 3557 905 3624 facit
928 3555 1002 3638 illa,
1025 3551 1121 3619 bibit.
