2610 4048
263 207 265 210 ’
387 215 689 276 neisnsnnsnos
707 215 775 274 nia.
794 215 828 274 11.
1075 219 1117 284 57
1250 306 1253 312 1

539 380 686 449 LXXVI.

136 490 286 576 Argenti
309 490 412 556 libras
435 489 560 555 hierius
580 488 641 554 tibi
666 488 806 575 quinque
829 485 977 574 reliquit,

190 577 253 644 Cui
275 579 358 644 nihil
381 579 452 666 ipse
476 577 590 644 dabas:
613 577 667 643 hic
689 579 751 644 tibi
774 577 876 644 verba
897 577 1008 645 dedit?

412 753 414 758 ·
530 718 695 788 LXXVII
895 702 957 766 -i
1090 777 1092 783 Α

141 825 301 911 Cosconi,
325 825 381 911 qui
404 826 505 912 longa
527 833 624 912 putus
648 826 886 913 epigrammata
907 829 1035 913 nostra,

191 913 293 980 Utilis
316 917 500 1000 unguendis
524 916 639 982 axibus
663 937 734 981 esse
757 921 862 1002 potes.

141 1003 218 1070 Hac
241 1008 276 1069 tn
302 1003 477 1070 credideris
501 1003 637 1092 longum
660 1005 787 1070 ratione
811 1005 963 1071 colosson

192 1092 239 1158 Et
258 1114 397 1176 puerum
420 1091 516 1158 Bruti
539 1093 658 1158 dixeris
682 1115 752 1160 esse
775 1094 915 1160 brevem.

1 1211 2 1224 ¹
112 1181 245 1248 oDisce
268 1180 354 1267 qnod
376 1181 524 1268 ignores:
547 1181 649 1247 Marsi
672 1182 822 1268 doctique
845 1181 985 1248 Pedonis

193 1268 297 1356 Saepe
322 1270 441 1354 duplex
463 1293 564 1336 unum
587 1271 710 1358 pagina
732 1275 853 1338 tractat
875 1292 966 1356 opus.

142 1357 224 1425 Non
243 1363 320 1424 sunt
338 1360 439 1446 longe
452 1359 570 1446 quibus
588 1359 672 1424 nihil
687 1363 737 1424 est
755 1361 841 1444 quod
856 1359 983 1426 demere
999 1360 1129 1446 possis,¹

194 1446 257 1514 Sed
279 1452 330 1528 tu,
353 1445 506 1533 Cosconi,
529 1448 670 1514 disticha
692 1449 794 1536 longa
815 1449 906 1516 facis.

523 1605 705 1674 LXXVIII.

145 1713 285 1780 Aestivo
310 1735 419 1780 serves
443 1713 500 1779 ubi
523 1713 646 1798 piscem
669 1716 829 1800 tempore,
853 1713 1005 1800 qnaeris?

192 1801 232 1867 In
256 1801 393 1868 thermis
418 1823 527 1888 serva,
550 1799 845 1889 Caecilianatuis.

157 1913 171 1964 “
541 1959 691 2028 nxxm.
731 1977 733 1982 ·

125 2070 276 2152 ,Invitas
298 2072 377 2135 tunc
399 2089 465 2151 me,
489 2089 563 2132 cum
586 2067 664 2150 scis,
687 2065 820 2154 Nasica,
843 2089 987 2135 vocasse.
1078 2077 1082 2085 '

122 2155 127 2184 '
194 2159 397 2225 Excusatum
419 2155 543 2223 habeas
567 2176 618 2221 me
641 2178 736 2243 rogo:
760 2179 839 2223 ceno
863 2156 961 2223 domi.
1051 2166 1054 2172 '

551 2313 680 2382 LXXX.

146 2424 287 2490 Hostem
311 2446 385 2491 cnm
407 2422 550 2509 fugeret,
573 2445 608 2488 se
631 2422 775 2487 Fannius
798 2422 868 2508 ipse
891 2424 1038 2508 peremit

194 2512 271 2598 Hic,
293 2534 390 2601 rogo,
404 2534 480 2610 *non
501 2511 594 2577 furor
616 2514 679 2590 est,
702 2533 743 2576 ne
766 2513 920 2598 moriare,
945 2512 1050 2579 mori?
1082 2607 1090 2615 ο

540 2669 687 2737 LXXXI.

150 2740 270 2847 Laxior
292 2778 491 2866 hexaphoris
509 2783 573 2844 tua
591 2778 635 2843 sit
656 2776 771 2844 lectica
793 2775 919 2844 licebit:

195 2869 278 2936 Cum
300 2873 412 2960 tamen
434 2867 516 2934 haec
538 2870 597 2932 tua
619 2867 677 2950 sit,
699 2865 802 2952 Zoilo,
826 2866 997 2954 sandapila
1019 2871 1079 2935 ast
1195 2943 1211 2966 ,γ

534 2997 752 3092 ιΧΧΧΙιν”

148 3135 292 3203 Abscisa
316 3155 446 3202 servum
470 3133 548 3219 quid
571 3133 658 3220 figis,
681 3131 829 3216 Pontice,
851 3133 989 3221 lingna?

194 3223 311 3291 Nescis
334 3228 372 3290 tu
394 3224 567 3310 populum,
590 3221 677 3308 quod
699 3227 787 3288 tacet
809 3222 878 3308 ille,
900 3223 1013 3310 loqui?

526 3381 704 3449 LXXXIII.

145 3491 304 3559 Foedasti
327 3491 498 3576 miserum,
521 3490 651 3575 marite,
674 3489 859 3580 moechum,

145 3581 196 3649 Et
219 3601 268 3668 se,
291 3582 347 3668 qui
370 3581 501 3650 fuerant
524 3581 627 3666 prius,
649 3577 819 3662 requirunt
