2610 4048
150 220 195 286 22
255 223 258 228 ’
481 217 520 274 n
541 213 837 274 reseruemus

170 381 314 450 o'futior
335 382 370 448 in
393 381 464 448 sola
485 401 554 446 non
577 382 627 446 est
650 400 724 446 cum
747 377 849 446 currit
871 378 1009 461 harena,

240 468 311 537 Nec
333 493 431 537 cavea
454 471 548 536 tanta
571 467 721 534 conditur
743 467 800 533 ille
824 465 896 532 fide.

197 556 232 626 Si
255 559 359 625 vitare
383 580 498 626 canum
523 577 665 642 morsus,
687 557 780 643 lepus
803 554 965 640 improbe,
988 553 1134 640 quaeris,

145 709 149 714 .
241 647 295 714 Ad
318 670 399 735 quae
423 645 591 733 confugias
615 666 673 712 ora
696 645 801 710 leonis
824 643 936 710 habes.
1144 643 1147 648 ’

170 1045 176 1070 ·,
196 1000 259 1068 Vir
281 997 453 1068 Celtiberis
476 1023 543 1068 non
565 999 701 1066 tacende
724 999 878 1086 gentibus

151 1095 152 1098 ’
242 1087 328 1156 Nost
313 1095 447 1174 tuaeque
471 1090 542 1155 laus
565 1087 759 1173 Hispaniae,
859 1133 861 1137 .

197 1176 332 1244 Videbis
357 1180 402 1244 alt
389 1183 470 1262 tam,
492 1177 657 1243 Liciniaue
663 1174 846 1262 ,Bilbilin,

117 1270 123 1291 ⁴
242 1266 402 1353 Equiset
425 1266 524 1332 armis
548 1228 709 1372 nobileiu‘
1091 1347 1093 1352 .

172 1351 377 1440 sSenamque
401 1353 519 1420 Gaium
541 1354 740 1438 nivibus‚et
707 1351 876 1420 attactis
899 1373 1026 1418 sacrum

242 1441 489 1520 Vadaveronem
512 1443 691 1526 montibus,

198 1531 245 1598 nt
268 1531 400 1598 delicati
423 1531 514 1597 dulce
537 1529 671 1596 Boterdi
693 1552 823 1613 nemus,

156 1633 160 1642 '
241 1619 389 1686 Pomona
412 1619 498 1703 quod
520 1617 600 1684 felix
623 1623 720 1684 amat

198 1709 246 1775 Te
269 1707 315 1773 idi
336 1711 395 1774 nat
381 1708 468 1774 tabis
491 1709 563 1774 lene
586 1705 732 1793 Congedi
754 1706 873 1772 vadum

155 1813 189 1864 ιο
243 1733 425 1882 donesque
448 1793 675 1880 Nympharum
699 1795 802 1880 lacus,

199 1885 324 1964 Quibus
346 1885 517 1950 remissum
540 1905 656 1968 corpus
679 1884 842 1970 astringas
865 1882 956 1949 brevi

243 1973 376 2056 Solone,
399 1974 455 2058 qui
476 1973 600 2038 ferrum
624 1972 721 2058 gelat.

164 2133 166 2138 ,
198 2062 384 2130 Praestabit
407 2061 475 2128 illic
497 2063 569 2146 ipsa
592 2060 737 2145 figendas
761 2081 863 2146 prope

243 2149 394 2218 Vobesca
416 2149 588 2234 prandenti
610 2150 705 2214 feras.

156 2257 189 2307 15
199 2241 321 2306 Aestus
344 2259 474 2304 serenos
499 2258 596 2303 aureo
619 2237 751 2323 franges
774 2236 867 2325 ‘fago

198 2368 200 2371 ·
243 2327 408 2394 Obscurus
431 2325 557 2392 umbris
581 2326 749 2410 arborum3

197 2417 338 2483 Avidam
361 2415 471 2501 rigens
495 2413 665 2480 Dercenna
686 2413 831 2498 placabit
855 2415 945 2480 sitim

243 2505 290 2572 Et
312 2502 439 2587 Nutha,
463 2523 545 2588 quae
568 2503 669 2568 vincit
690 2501 790 2568 nives.
934 2521 939 2534 ·

115 2613 118 2616 ’
198 2594 246 2660 At
268 2614 342 2660 cum
364 2553 543 2657 December
565 2595 721 2656 canuset
706 2591 860 2656 tbrumc
883 2591 1046 2690 impotens

154 2699 189 2749 20
243 2681 405 2767 Aquilone
428 2701 525 2745 rauco
549 2680 686 2765 mugiet,

198 2705 321 2856 Aprica
343 2773 470 2854 repetes
493 2767 686 2834 Tarraconis
708 2767 836 2834 litora

111 2891 112 2897 ¹
243 2859 409 2942 Tuamque
432 2857 526 2922 Lalet
512 2856 643 2922 taniam.

199 2947 252 3014 Ibi
274 2947 429 3032 inligatas
454 2945 607 3012 mollibus
631 2945 777 3024 dammas
801 2944 910 3032 plagis

244 3033 403 3100 Mactabis
428 3039 460 3100 et
483 3056 600 3100 vernas
624 3056 721 3120 apros

154 3141 189 3191 ce
198 3124 421 3210 Leporemque
442 3123 523 3189 forti
546 3122 697 3188 callidum
721 3142 852 3208 rumpes
876 3142 972 3206 eque,

185 3269 186 3272 η
244 3211 365 3280 Cervos
388 3212 551 3296 relinques
575 3211 680 3278 vilico.

198 3301 316 3369 Vicina
337 3302 374 3367 in
395 3300 503 3386 ipsum
526 3301 610 3367 silva
634 3299 805 3366 descendet
827 3297 936 3366 focum

242 3390 373 3456 Infante
396 3390 536 3456 cinctum
561 3389 700 3456 sordido.

199 3477 380 3545 Vocabitur
403 3483 539 3545 venator
562 3483 595 3544 et
617 3478 724 3544 veniet
746 3476 809 3542 tibi

155 3584 190 3633 ec
245 3563 391 3634 Conviva
414 3569 574 3634 clamatus
596 3588 707 3652 prope.
