2528 4038
362 201 665 261 EPIGRAMMATON
684 202 753 262 LIB.
772 204 820 262 Vl.
1039 209 1101 275 133

119 368 184 434 Ille
209 374 302 435 vetus
326 391 386 454 pro
409 373 442 434 te
465 367 656 457 patriusque
680 367 757 454 quid
781 373 874 456 optet
898 369 1035 455 amicus,

167 457 293 544 Accipe
317 457 453 524 ethaeo
477 457 615 523 memori
638 464 769 544 pectore
794 463 871 525 vota
893 463 982 525 tene:

7 589 9 641 [
95 545 229 614 501111
253 549 297 613 111
320 553 358 614 ut
380 548 501 631 virtus,
523 567 583 612 neo
605 549 638 612 te
661 547 855 614 temerarius
880 546 977 614 ardor

6 659 8 773 Ι
146 635 208 719 11
232 638 357 704 medios
381 658 474 704 enses
499 657 660 722 saevaque
685 637 751 702 tela
773 635 869 704 ferat.

120 723 217 793 Bella
240 727 348 794 velint
366 725 571 813 Martemque
594 725 701 791 ferum
723 725 862 793 rationis
886 730 1032 814 egentes,

167 815 219 881 Tu
242 820 338 902 potes
362 821 396 882 et
417 816 522 904 patris
545 815 640 880 miles
664 819 791 882 111111
814 813 915 883 ducis.

121 1037 336 1106 Periclitatur
358 1037 465 1125 capite
489 945 771 1104 1111111111111.

122 1125 233 1194 Reum
256 1126 381 1213 putatis
405 1149 476 1192 1111
499 1125 665 1193 Sotaden?
688 1146 755 1190 non
779 1128 838 1193 111

122 1215 283 1304 Arrigere
306 1215 391 1282 desit
413 1237 510 1302 posse
534 1215 685 1282 Sotades:
708 1213 816 1302 lingit.

123 1435 183 1503 Bis
208 1437 314 1503 vicine
332 1436 443 1524 Nepos
458 1475 503 1486 -
516 1461 593 1504 nam
612 1442 649 1502 tu
668 1457 797 1524 quoque
816 1437 965 1522 proxima
983 1435 1100 1504 Florae

11 1535 13 1538 ’
169 1527 292 1593 Incolis
316 1531 351 1592 et
372 1531 499 1593 veteres
522 1532 559 1592 tu
582 1548 709 1612 quoque
732 1525 872 1591 Ficelias
898 1561 933 1574 -

123 1616 191 1682 Est
212 1616 288 1696 tibi,
311 1638 394 1701 quse
417 1617 525 1700 patria
549 1617 698 1702 signatur
721 1615 864 1702 imagine
889 1615 1011 1700 vultus,

170 1705 280 1770 Testis
305 1708 472 1770 maternae
495 1710 576 1770 nata
597 1704 784 1790 pudicitiae.

98 1791 179 1860 5Tu
201 1798 313 1859 tamen
336 1815 460 1860 annoso
483 1793 620 1859 nimium
643 1815 685 1858 ne
707 1815 803 1880 parce
825 1791 980 1878 Falerno,

49 1941 56 1954 .
170 1882 219 1948 Et
240 1883 350 1968 potius
373 1882 488 1967 plenos
513 1903 586 1948 aere
609 1883 756 1967 relinque
780 1882 887 1949 cados.

125 1970 182 2038 Sit
202 1971 259 2056 pia
282 1970 326 2036 sit
347 1971 505 2056 locuples,
528 1971 585 2036 sed
608 1975 700 2058 potet
723 1970 792 2037 filia
814 1975 973 2036 mustum:

107 2105 109 2110 ,
171 2059 343 2144 Amphora
365 2083 439 2125 cum
462 2060 594 2126 domina
616 2082 701 2127 nune
723 2083 809 2126 nova
831 2060 888 2125 fiet
911 2081 1002 2124 anus.

127 2146 280 2216 Caecuba
302 2169 369 2214 non
392 2149 480 2214 solos
505 2149 667 2214 vindemia
689 2150 815 2215 nutriat
837 2149 948 2215 orbos:

86 2251 116 2302 ιο
171 2237 315 2304 Possunt
338 2240 372 2302 et
393 2242 504 2322 patres
528 2239 650 2324 vivere,
673 2239 766 2304 crede
789 2238 880 2306 mihi.

519 2367 673 2438 XXVIIL

126 2458 280 2526 Libertus
302 2457 449 2525 Melioris
471 2457 530 2524 ille
551 2463 665 2545 notus,

127 2549 212 2616 Tota
236 2549 292 2634 qui
315 2547 432 2614 cecidit
455 2547 585 2613 dolente
607 2547 728 2636 Roma,
850 2613 869 2626 „

127 2636 203 2704 Cari
227 2637 362 2704 deliciae
385 2637 499 2703 breves
522 2638 668 2722 patroni,

126 2725 199 2794 Hoc
224 2728 284 2793 sub
307 2747 470 2792 marmore
494 2723 649 2792 Glaucias
672 2727 827 2794 humatus

101 2814 242 2883 tluncto
265 2813 447 2882 Flaminiae
470 2816 555 2881 iacet
579 2815 743 2902 sepulcro:

128 2903 247 2971 Castus
270 2903 431 2989 moribus,
454 2905 583 2991 integer
605 2904 741 2991 pudore,

8 3020 14 3081 p
127 2991 234 3060 Velox
256 2992 403 3081 ingenio,
427 2991 540 3060 decore
563 2993 652 3060 felix.
688 3012 691 3018 ’

9 3085 15 3139 l
127 3081 184 3150 Bis
208 3081 296 3148 senis
319 3081 417 3149 modo
441 3083 602 3150 messibus
624 3084 768 3170 peractis
807 3079 824 3174 '¹

11 3179 12 3226 1
127 3171 190 3237 Vix
213 3193 314 3238 unum
337 3193 419 3257 puer
441 3172 632 3259 applicabat
655 3195 785 3241 annum.
935 3209 937 3212 ·

13 3300 14 3389 p
88 3271 117 3323 10
127 3259 189 3339 Qui
211 3261 271 3327 111
294 3260 388 3346 talia,
409 3261 458 3328 nil
481 3261 575 3346 fleas,
597 3261 715 3328 viator.

532 3393 651 3462 XXIX

13 3478 17 3535 i
125 3481 201 3551 Non
225 3482 264 3548 de
286 3482 383 3570 plebe
407 3481 522 3550 domus
544 3507 605 3550 nec
628 3507 746 3550 avarae
770 3508 870 3551 verna
893 3489 1054 3568 catastae,

167 3573 235 3642 Sed
259 3572 382 3638 domini
406 3578 518 3640 sancto
543 3573 660 3661 dignus
685 3596 795 3640 amore
808 3597 912 3662 puer,
