2528 4038
174 187 240 256 120
372 143 381 168 “
501 185 540 244 u.
559 185 642 244 vsu.
662 183 860 244 nisenus

653 347 706 416 LI.

217 446 295 534 Hic,
318 447 375 534 qui
396 448 518 516 libellis
541 467 755 536 praegravem
778 448 865 534 gerit
885 446 1027 531 laevam,

217 537 429 604 Notariorum
452 558 547 625 quem
570 536 689 623 premit
711 535 828 604 chorus
851 535 947 622 levis,

219 623 281 702 Qui
304 625 460 692 codicillis
484 624 561 692 hinc
584 623 714 690 atinde
737 624 875 710 prolatis

217 713 439 800 Epistulisque
462 713 648 780 commodat
671 733 802 799 gravem
826 713 951 778 vultum

192 799 341 868 oSirnilis
365 799 483 870 Catoni
504 801 675 886 Tullioque
699 799 879 886 Brutoque,

217 889 422 977 Exprimere,
445 889 542 974 Rufe,
564 890 714 956 fidiculee
736 889 812 955 licet
835 890 967 974 cogant,

216 977 310 1046 Have
331 978 500 1061 Latinum,
522 988 616 1064 χαῖρε
639 999 705 1044 nou
727 980 839 1064 potest
861 977 1030 1044 Graecum.

218 1065 254 1134 Si
276 1067 399 1155 fingere
420 1066 509 1134 istud
532 1086 584 1132 me
607 1069 719 1153 putes,
742 1065 929 1132 salutemus.

644 1189 715 1257 LII.

217 1285 307 1364 Quae
329 1288 411 1355 mihi
433 1287 635 1374 praestiteris
659 1287 793 1354 memini
816 1309 1006 1374 semperque
1029 1288 1159 1354 tenebo.

262 1373 328 1442 Cur
349 1377 452 1463 igitur
473 1380 580 1461 taceo,
603 1374 779 1442 Postume?
815 1375 865 1441 Tu
888 1377 1039 1461 loqueris.

216 1463 342 1550 Incipio
366 1466 515 1552 quotiens
539 1463 637 1531 alicui
659 1469 718 1530 tua
740 1465 827 1530 dona
849 1463 980 1545 referre,

260 1552 414 1619 Protinus
439 1555 599 1620 exclamat
620 1552 776 1638 „Dixerat
798 1554 869 1638 ipse
892 1553 1001 1618 mihi.“
1120 1615 1123 1620 .

190 1639 291 1708 oNou
317 1641 400 1708 belle
424 1643 583 1727 quaedam
605 1641 732 1708 iaciunt
755 1642 832 1708 duo:
855 1641 976 1710 suflicit
998 1645 1086 1709 unas

260 1728 346 1796 Huic
369 1729 473 1814 operi:
497 1732 525 1796 si
549 1731 613 1814 vis,
635 1734 673 1795 ut
695 1730 824 1816 loquar,
847 1731 918 1815 ipse
939 1734 1022 1797 tace.
1113 1809 1116 1815 Ι

217 1815 319 1884 Crede
342 1818 436 1902 mihi,
460 1817 609 1903 quamvis
632 1818 792 1905 ingentia,
813 1815 981 1905 Postume,
1004 1819 1093 1886 dona

261 1904 415 1972 Auctoris
437 1911 574 1992 pereunt
596 1906 790 1993 garrulitate
813 1907 873 1972 sui.

217 2129 376 2202 Golohida
390 2134 468 2220 quid
488 2135 617 2222 scribis,
631 2135 708 2221 quid
723 2135 850 2220 scribis,
868 2137 984 2221 amice,
998 2135 1185 2221 Thyesten?

261 2223 333 2300 Quo
356 2224 417 2289 tibi
440 2225 491 2290 rel
514 2223 655 2308 Nioben,
678 2221 794 2309 Basse,
817 2224 868 2289 rel
891 2223 1165 2292 Andromachen?

170 2301 184 2330 ⁴
215 2309 355 2378 Materia
378 2317 441 2397 est,
464 2313 546 2378 mihi
569 2313 675 2391 crede,
697 2312 763 2377 tuis
787 2313 959 2396 aptissima
981 2312 1108 2378 chartis

260 2399 439 2466 Deucalion
463 2399 527 2486 rel,
549 2401 578 2466 si
600 2423 668 2466 non
690 2401 797 2487 placet
818 2400 885 2485 hie,
908 2400 1093 2467 Phaethon.

638 2530 722 2598 LIV.

215 2629 458 2716 Extemporalis
481 2629 586 2696 fectus
610 2635 661 2696 est
683 2652 774 2696 meus
797 2629 921 2696 rhetor:
1010 2622 1016 2630 ’

217 2716 429 2804 Calpurnium
451 2740 518 2785 non
542 2719 686 2806 scripsit,
710 2723 743 2786 et
766 2718 931 2784 salutavit

647 2849 712 2917 LV.

183 2967 191 3010 r
215 2945 277 3013 Dic
286 2947 380 3032 mihi,
390 2969 486 3034 quem
497 2952 621 3035 portes,
629 2950 797 3016 volucrum
810 2949 946 3033 regina?
955 2949 1185 3036 „Tonentem.“

177 3036 185 3100 r'
260 3034 362 3100 Nulla
384 3059 481 3102 manu
506 3059 605 3122 quare
627 3038 766 3104 fulmine
788 3038 935 3124 gestet?
955 3039 1106 3120 „Anrat.“

174 3137 183 3212 ξ
217 3122 288 3199 Quo
312 3124 398 3190 celet
420 3125 496 3211 igne
520 3125 622 3192 deus?
658 3125 801 3212 „Pueri.“
838 3125 904 3194 Our
926 3127 1016 3193 mitis
1040 3133 1155 3213 aperto

173 3217 181 3245 '¹
259 3211 406 3298 Respicis
430 3235 486 3279 ore
509 3212 643 3280 Iovem?
678 3214 748 3300 „De
771 3214 957 3301 Ganymede
979 3217 1125 3302 loquor.“

171 3275 184 3343 Ι
495 3369 498 3372 ·
635 3346 720 3416 LVI.

216 3437 277 3506 Oui
300 3442 423 3526 hadas,
446 3441 549 3528 Lupe,
573 3444 675 3510 filium
699 3447 872 3534 magistro,

216 3527 351 3606 Quaeris
376 3531 536 3598 sollicitus
560 3532 615 3598 diu
637 3555 810 3622 rogasque.
