2596 4032
153 179 325 280 262⁰
506 213 545 274 n.
563 213 647 272 vra.
666 211 864 270 nisurus
1056 222 1058 225 J
1287 201 1290 295 l

707 345 710 352 .
1286 298 1290 359 l

212 369 302 444 Ὀιιιιι
324 377 435 444 tamen
458 375 611 460 instaret,
633 374 757 460 „decies
781 375 861 442 mihi
885 373 971 443 dotis
994 375 1030 440 in
1052 395 1133 440 auro

264 462 393 552 Sponsa
414 463 527 530 debis“
550 463 629 548 diri3
651 463 747 549 „quid
771 463 878 530 minus
902 485 973 530 csse
996 462 1129 550 potest?

193 551 289 620 oNec
311 553 437 620 futuam
461 553 609 638 quamvis
631 553 794 638 primate
817 555 913 618 noete
936 553 1087 636 maritus,

263 639 453 709 Communis
476 645 585 706 tecum
607 663 667 707 nee
690 640 772 706 mihi
794 641 898 706 leelus
922 641 998 725 erit3

219 728 490 817 Complectarque
514 751 634 814 meam,
652 750 712 795 nec
734 732 772 794 tu
795 729 999 815 prohibebis,
1019 729 1176 814 amicam,
1286 755 1290 796 l

212 817 427 898 mAncillam
450 817 562 883 mittes
587 821 620 884 et
643 817 724 882 mihi
746 817 836 883 iussa
857 821 957 883 tuam.
1238 825 1243 836 “

201 899 264 1006 (Te
288 911 456 993 spectante
480 905 572 972 dabit
593 905 689 972 nobis
712 905 835 972 lasciva
857 905 1006 971 minister

101 995 103 999 ’
176 1011 223 1062 1οῑ
264 993 376 1081 Basia,
399 994 467 1061 sive
491 1016 597 1080 meus,
620 993 689 1061 sire
712 994 775 1060 erit
796 995 854 1060 ille
876 999 962 1060 tuus·

217 1067 270 1148 bd
293 1104 405 1150 cenam
428 1083 551 1166 venies,
574 1082 631 1173 sed
654 1083 701 1149 sic
724 1082 829 1150 divisa
851 1083 1033 1170 recumbes,
1074 1095 1076 1098 ’

262 1169 310 1237 Ut
331 1193 399 1238 non
420 1175 602 1260 tangantur
623 1171 727 1256 pallia
749 1176 864 1238 nostra
886 1171 962 1238 tuis.

218 1257 338 1326 Oscula
360 1283 435 1328 rara
459 1259 551 1327 dabis
573 1260 669 1327 nobis
693 1263 726 1326 et
748 1281 815 1326 non
838 1260 931 1326 dabis
953 1261 1056 1344 ultro,

262 1346 332 1414 Nee
355 1349 448 1434 quasi
470 1355 575 1436 nupta
597 1349 704 1434 dabis,
728 1349 785 1415 sed
807 1349 901 1434 quasi
924 1352 1030 1414 mater
1053 1369 1144 1414 anus.

117 1479 119 1484 -
176 1452 209 1502 1⁶
219 1434 254 1502 Si
276 1441 370 1523 potes
393 1439 458 1503 ista
480 1438 563 1524 pati,
587 1437 616 1502 si
637 1437 685 1502 nil
708 1437 850 1522 perferre
874 1459 1019 1522 recusas,

261 1522 410 1592 Invenies
433 1525 488 1612 qui
511 1531 543 1591 te
567 1524 695 1610 ducere,
719 1523 801 1611 Sila,
824 1524 930 1592 velit.“
1038 1535 1040 1538 ’

620 1646 738 1714 XXIV.
780 1660 814 1706 v

217 1734 305 1801 Dum
328 1738 361 1801 te
384 1759 563 1822 prosequor
585 1742 620 1802 et
641 1737 774 1802 domum
797 1735 929 1821 reduco,

218 1823 341 1890 Aurem
365 1823 441 1890 dum
463 1825 526 1890 tibi
547 1830 680 1911 praesto
704 1826 876 1908 garrienti,

217 1913 264 1979 Et
287 1913 442 1999 quidquid
464 1915 608 1998 loqueris
630 1913 776 1998 facisque
798 1913 911 1998 laudo,

219 2001 308 2078 Quot
329 2023 441 2068 versus
464 2005 628 2088 poterant,
651 2000 803 2086 Labulle,
824 2001 928 2068 nasci!
1138 2029 1151 2080 q

192 2087 289 2156 oHoe
311 2090 465 2156 damnum
487 2091 550 2155 tibi
572 2112 637 2156 non
661 2091 789 2156 videtur
812 2111 896 2174 esse,
1017 2115 1021 2172 j

218 2175 254 2243 Si
277 2177 363 2264 quod
386 2178 492 2244 Roma
514 2179 607 2264 legit,
629 2177 767 2263 requirit
789 2177 923 2264 hospes,

217 2263 294 2331 Non
317 2266 441 2332 deridet
464 2287 574 2352 eques,
598 2270 689 2331 tenet
711 2270 857 2352 senator,

217 2353 345 2420 Laudat
367 2355 560 2438 causidicus,
582 2351 682 2440 poeta
705 2354 823 2440 carpit,

216 2441 356 2528 Propter
378 2447 411 2508 te
434 2443 580 2528 perit-
599 2443 661 2508 hoo
683 2441 834 2528 Labulle,
857 2465 970 2509 verum
994 2447 1044 2510 est
1067 2445 1132 2512 —?
1256 2512 1260 2521 ,

175 2529 289 2599 roHoc
312 2532 482 2618 quisquam
503 2529 610 2597 ferat?
634 2536 671 2596 ut
692 2532 754 2596 tibi
776 2535 908 2597 tuorum

218 2616 269 2685 Sit
291 2621 396 2686 maior
418 2641 570 2686 numerus
593 2619 832 2707 togatulorum,

204 2707 390 2775 Librorum
412 2709 493 2774 mihi
516 2710 559 2774 sit
582 2710 689 2774 minor
711 2709 880 2775 meorum?
949 2736 952 2740 ·
1051 2721 1052 2724 ’

217 2795 369 2884 Triginta
389 2819 491 2884 prope
515 2797 579 2862 iam
604 2797 725 2862 diebus
741 2819 805 2862 una
828 2802 879 2863 est

216 2883 322 2951 Nobis
345 2887 467 2972 pagina
489 2885 544 2952 vix
566 2891 707 2972 peraeta.
746 2883 800 2951 Sia
822 2887 875 2971 fit,

174 2992 207 3041 15
217 2973 300 3041 Cum
323 2997 436 3040 cenare
460 2975 548 3041 domi
570 2979 669 3061 poete
691 2983 760 3042 non'
781 2975 859 3040 vult.

213 3157 215 3162 .
624 3077 770 3156 XXV.

216 3177 281 3243 Illa
304 3178 395 3258 salax
418 3178 556 3244 nimium
579 3200 638 3246 nec
661 3179 773 3264 paneis
795 3183 875 3246 nota
897 3179 1016 3266 puellis

158 3331 182 3362 a
262 3265 460 3333 Stare¹.Lino
484 3269 569 3333 desit
591 3268 747 3332 mentula.
783 3266 924 3356 Lingua,
947 3291 1034 3335 care.
1114 3312 1115 3315 =

103 3355 151 3477 ,b
619 3380 738 3446 XXVI.
770 3359 800 3437 lt

9 3445 103 3598 CO*
139 3451 355 3576 „lmeihi
371 3475 468 3572 grata
491 3470 596 3557 quies,
619 3493 638 3538 o
663 3470 797 3570 blanda,
820 3470 1033 3557 Telesphore,
1056 3493 1145 3556 cura,

145 3567 180 3651 il
218 3551 374 3653 unahs
397 3581 432 3623 rn
455 3561 607 3644 amplexu
630 3579 697 3625 non
719 3558 783 3624 furt
806 3563 880 3625 ante
904 3582 992 3626 meo:
1104 3616 1106 3618 .

28 3661 140 3799 qiu
178 3659 229 3768 ψ
553 3673 565 3681 '¹

1145 1845 1148 1866 .-
1177 1813 1184 1848 r
