2528 4038
145 209 187 276 '18
475 203 613 263 11.th
632 203 832 261 MARTIALIS

399 322 402 328 ’
560 331 741 436 nxxvrn.

189 475 337 543 Minxisti
360 479 509 543 currente
532 475 647 560 semel,
670 473 820 561 Pauline,
843 473 963 540 carina.

234 565 354 632 Meiere
377 565 427 631 vis
451 566 594 631 iterum?
615 565 682 630 ianr
705 563 879 630 Palinurus
903 561 978 628 eris.

579 703 725 772 LXXIX.

189 811 272 879 Rem
294 810 425 899 peragit
446 811 571 878 nullam
594 809 772 898 Sertorius,
794 811 927 877 inchoat
950 831 1070 876 ornnes.
1179 827 1182 831 ·

234 899 331 966 Hunc
354 921 430 988 ego,
452 921 524 967 cum
546 900 661 987 futuit,
683 921 750 967 non
771 905 853 988 puto
876 899 1037 986 perficere.

587 1057 717 1126 LXXX.

190 1163 240 1230 De
262 1163 352 1230 nullo
375 1163 534 1251 loqueris,
556 1165 640 1232 nulli
663 1163 844 1251 maledicis,
865 1163 975 1250 Apici:

236 1251 362 1319 Rumor
384 1254 432 1319 ait
454 1254 586 1341 linguae
610 1259 643 1321 te
666 1259 777 1319 tamen
800 1275 871 1318 csse
893 1253 1007 1318 mulae.

578 1409 726 1480 LXXXL
764 1344 802 1456 ,s

192 1515 276 1596 Quid
299 1539 372 1584 cum
394 1515 535 1584 femineo
559 1518 634 1604 tibi,
656 1517 789 1586 Baetice
812 1516 920 1604 Galle,
942 1518 1126 1585 barathro?

235 1605 325 1672 Haec
348 1606 590 1672 debet-medios
612 1607 756 1674 lambere
779 1608 893 1694 lingua
911 1609 1007 1674 viros.

191 1693 330 1760 Abscisa
353 1700 404 1760 est
426 1717 525 1780 quare
548 1694 658 1761 Samia
679 1695 741 1762 tibi
764 1697 911 1763 mentula
933 1701 1032 1781 testa,

237 1781 272 1848 si
293 1781 357 1848 tibi
379 1787 448 1848 tam
473 1787 601 1870 gratus,
623 1781 768 1868 Baetice,
791 1806 914 1851 cunnus
938 1785 1030 1851 erat?

166 1868 410 1937 oCastrandunr
429 1875 528 1956 caput
546 1876 610 1938 est:
629 1895 705 1938 nam
725 1873 770 1938 sis
785 1873 861 1939 licet
878 1874 1012 1962 inguine
1027 1872 1167 1963 Gallus,

237 1956 335 2026 Sacra
357 1963 469 2026 tamen
492 1958 630 2046 Cybeles
654 1961 788 2048 decipis:
812 1983 867 2028 ore
890 1963 941 2028 vir
960 1985 1006 2042 es.

570 2117 734 2187 amn.

59 2213 64 2224 ’
193 2221 337 2290 Conviva
359 2223 506 2310 quisquis
530 2223 613 2290 Zoili
634 2228 745 2312 potest
767 2249 851 2313 esse,

192 2309 465 2378 Summoenianas·
484 2317 576 2378 cenet
597 2313 684 2380 inter
705 2337 821 2382 uxores

193 2398 355 2486 Curtaque
377 2399 484 2466 Ledae
508 2399 636 2466 sobrius
659 2402 752 2468 bibat
774 2409 874 2470 testa:
940 2475 942 2479 ,

192 2487 263 2554 Hoc
286 2509 356 2554 esse
378 2489 480 2555 levius
503 2488 680 2576 puriusque
703 2493 872 2560 contendo.

166 2574 281 2641 clucet
303 2581 460 2664 occupato
484 2579 671 2668 galbinatus
695 2581 729 2646 in
752 2581 837 2648 lecto

192 2661 382 2750 Cubitisque
405 2666 509 2731 trudit
530 2666 607 2734 hinc
629 2673 663 2734 et
684 2669 758 2734 inde
781 2671 933 2738 convivas

191 2751 337 2818 Effultus
360 2757 451 2820 ostro
474 2751 657 2840 Sericisque
679 2758 837 2843 pulvillis.
916 2772 918 2775 ’

193 2838 268 2910 Stat
289 2841 436 2908 exoletus
459 2845 670 2929 suggeritque
692 2849 849 2913 ructanti⁴

192 2929 313 2996 Pinnas
335 2931 489 2997 rubentes
512 2934 723 3020 cuspidesque
747 2936 889 3025 lentisci,

150 3033 182 3081 10
192 3018 238 3084 Et
260 3021 422 3084 aestuanti
445 3024 543 3086 tenue
565 3023 703 3090 ventilat
725 3023 830 3109 frigus
865 3099 866 3102 Ἴ

192 3105 314 3193 Supina
335 3109 468 3194 prasino
491 3111 671 3178 concubina
692 3111 839 3198 flabello,

191 3194 362 3283 Fugatque
384 3219 511 3264 muscas
535 3205 662 3284 myrtea
684 3223 764 3285 puer
786 3202 888 3290 virga

191 3283 355 3351 Percurrit
378 3285 458 3372 agili
481 3309 598 3372 corpus
622 3293 889 3356 artetractatrix

190 3372 386 3460 Manumque
410 3375 540 3440 doctam
563 3379 692 3463 spargit
714 3380 866 3446 omnibus
891 3382 1060 3468 membris3

148 3477 180 3525 ro
190 3460 296 3546 Digiti
319 3463 481 3548 crepantis
506 3464 716 3549 signauerit
739 3470 904 3536 eunuchus

189 3549 236 3614 Et
258 3550 415 3617 delicatae
439 3554 620 3618 sciscitator
643 3557 755 3622 urinae
