2528 4038
150 189 194 260 05
480 184 520 242 ru
537 182 622 244 var.
640 179 841 238 neaeman
930 173 932 178 ’

84 409 86 412 .
167 429 171 436 ,
194 349 336 420 Massiua
358 349 450 418 solus
472 347 574 414 habes
598 349 633 413 ot
654 343 765 432 Opimi
788 341 938 412 Caecuba
961 345 1069 431 solus,

239 441 287 508 nt
309 461 365 506 eor
386 438 477 506 solus
499 437 615 522 habes,
638 433 729 502 solus
753 437 787 500 et
808 433 986 520 ingenium.

170 529 314 598 oOmnia
336 527 427 594 solus
449 527 566 592 habes:
589 545 629 590 ne
652 546 705 590 me
728 526 809 616 puta
831 522 916 588 velle
938 525 1077 608 negare!

241 617 384 685 Uxorem
407 615 464 683 sed
486 615 603 700 habes,
626 611 783 698 Candide,
806 633 880 678 oum
902 612 1037 698 populo.

566 767 569 774 '
590 751 729 822 XXVII.

197 863 374 952 Nunquam
396 885 448 930 me
470 884 618 948 revocas,
641 859 751 926 venias
776 881 849 926 oum
873 881 969 946 saepe
992 863 1142 928 vooetus:

241 953 398 1040 Ignosco,
420 953 548 1020 nullum
571 951 599 1016 si
622 949 734 1034 modo,
758 947 867 1034 Galle,
889 970 997 1016 vocas.

198 1041 322 1108 Invitas
345 1041 443 1109 alios:
466 1042 585 1107 vitium
603 1041 654 1104 est
672 1037 852 1124 utriusque.
879 1035 1034 1122 „Quod?“
1052 1037 1174 1125 inquis.

242 1130 290 1196 Et
312 1130 394 1196 milri
416 1151 473 1198 oor
493 1150 560 1195 non
583 1131 646 1212 est,
669 1129 702 1192 et
725 1125 801 1212 tibi,
824 1125 933 1214 Galle,
955 1126 1070 1212 pudor.

587 1265 743 1334 XXVIII.

199 1375 388 1444 Auriculam
410 1374 516 1442 Mario
540 1374 685 1460 graviter
707 1371 836 1438 miraris
860 1373 957 1440 olere.

244 1464 294 1532 'Iu
315 1465 397 1532 faeie
420 1464 496 1532 hoe:
520 1463 641 1552 garris,
663 1460 800 1546 Nestor,
822 1461 857 1528 in
880 1462 1068 1530 auriculam.

606 1602 726 1670 XXIX.

201 1711 271 1778 llas
293 1733 367 1779 eum
390 1711 521 1797 gemina
543 1709 697 1798 compede
721 1708 848 1776 dedicat
870 1713 1016 1796 catenas,

202 1799 355 1886 Saturne,
377 1800 438 1867 tibi
461 1799 586 1886 Zoilus,
608 1799 723 1865 anulos
746 1798 882 1884 priores.

203 2045 358 2134 Sportula
379 2047 471 2112 nulla
494 2047 603 2130 datur3
628 2046 732 2132 gratis
756 2046 893 2112 convive
915 2047 1091 2116 recumbis:

247 2135 309 2202 Dio
331 2135 425 2218 mihi,
448 2135 525 2220 quid
549 2135 685 2216 Romae,
709 2132 912 2221 Gargiliane,
934 2136 1039 2202 facis?
1068 2163 1071 2170 ·

202 2221 295 2290 Unde
318 2223 378 2288 tibi
401 2223 514 2306 togula
538 2227 588 2287 est
611 2226 644 2288 et
667 2222 776 2288 fuscae
798 2225 912 2308 pensio
935 2224 1060 2292 cellae?

246 2309 340 2377 Unde
363 2310 459 2376 datur
483 2311 666 2396 quadrans?
690 2311 773 2376 unde
795 2311 847 2378 vir
870 2335 904 2378 es
927 2311 1095 2382 Chiones?
1152 2339 1158 2347 ·

176 2397 285 2466 oCum
307 2397 434 2464 ratione
457 2399 533 2464 lieet
557 2399 644 2465 dicas
667 2403 701 2465 te
724 2401 833 2466 vivere
857 2423 999 2488 summa,

248 2486 341 2564 Quod
363 2487 461 2574 riuis,
483 2488 576 2554 nulla
599 2511 673 2553 oum
695 2489 821 2554 ratione
845 2489 936 2556 lacis.

608 2629 728 2697 XXXI.

205 2729 289 2800 Sunt
310 2733 385 2819 tibi,
408 2734 578 2819 confiteor,
601 2734 710 2800 diffusi
732 2737 846 2822 iugera
869 2739 976 2822 campi

248 2819 436 2908 Urbanique
459 2827 572 2890 tenent
594 2824 727 2910 praedia
750 2826 854 2890 multa
877 2826 997 2912 lares,-=

203 2909 250 2976 Et
272 2911 372 2976 servit
396 2911 545 2978 dominae
568 2935 760 2980 numerosus
784 2914 912 2981 debitor
935 2938 1030 2983 areae

250 2998 480 3086 Sustentatque
502 3005 576 3066 tuas
601 3025 698 3068 aurea
720 3025 830 3068 massa
853 3003 961 3090 dapes.

178 3084 365 3154 oFastidire
388 3094 497 3154 tamen
520 3091 603 3176 noli,
626 3091 755 3176 Rufine,
778 3093 932 3158 minores:

248 3175 327 3242 Plus
350 3177 465 3243 habuit
488 3177 661 3264 Didymus,
683 3181 758 3268 plus
782 3180 985 3249 Philomelus
1008 3183 1123 3274 hebet

599 3337 736 3405 XXXII.

205 3439 260 3506 An
281 3443 406 3526 possim
428 3442 572 3508 vetulam
595 3445 738 3531 quaeris,
763 3445 942 3514 Matronia:
965 3471 1102 3534 possum

108 3543 113 3550 “
231 3529 297 3595 'Et
319 3531 477 3616 vetulam,
500 3532 557 3596 sed
579 3536 616 3598 tu
639 3537 782 3621 mortua,
804 3559 870 3602 non
892 3539 1004 3604 vetula
1026 3561 1072 3606 es.
