2568 4040
198 193 266 263 ³⁷0
421 247 423 254 .
484 191 603 252 moes
621 191 925 250 sustentatos.

199 353 273 422 Quid
290 354 398 412 iactum
417 356 469 424 est,
486 369 565 426 rogo,
584 351 654 423 qnid
672 353 788 424 repente
806 351 914 408 suctum
932 345 978 408 est
998 396 1005 412 .
1035 397 1043 410 .
1117 352 1149 420 V,
1164 357 1199 406 tt.

200 425 275 492 Quid
291 443 337 482 nne
356 427 533 498 compactam
552 424 624 481 ceris
644 425 674 480 et
691 423 850 479 harundine
867 422 962 478 rides?
998 467 1005 481 .
1034 467 1042 482 .
1078 421 1150 491 XIV,
1165 428 1199 476 tt.

200 497 276 565 Quid
294 513 348 567 me,
366 497 448 566 Thei,
467 513 562 552 senens
581 495 700 550 subinde
719 495 809 550 dicis?
820 537 1042 553 .......
1105 493 1150 562 IV,
1166 499 1199 548 tt.

199 567 273 636 Quid
290 585 405 624 mecum·
418 571 463 624 est
480 567 553 622 titis
589 565 635 621 Me
653 565 750 636 puella
768 567 863 620 sumat
891 608 898 622 .
925 607 933 622 .
962 607 969 622 .
998 607 1005 624 .
1034 610 1041 623 .
1079 565 1151 634 XIV,
1166 571 1200 620 tt.

199 639 273 706 Quid
290 639 361 694 mihi
378 638 481 694 reddat
498 654 567 708 ager
584 636 706 706 quaeris,
724 637 802 706 Line,
820 635 1034 692 Nomentanus?
1117 637 1199 705 1138.

199 710 273 777 Quid
286 710 357 765 mihi
370 709 517 767 vobiscum
531 711 582 776 est,
598 707 903 778 oPhoebenoremque
918 713 1046 764 sorores?
1117 708 1150 776 Π,
1165 713 1200 763 tt.

199 779 273 848 Quid
290 785 388 837 narrat
405 784 456 837 tua
472 779 607 836 moecha?
643 779 707 834 Non
724 779 851 850 puellam
887 821 894 836 .
922 821 929 836 .
958 823 965 837 .
994 821 1001 838 .
1030 823 1037 837 .
1103 778 1149 847 III,
1165 783 1200 833 81.

199 851 273 917 Quid
290 852 382 922 nobis,
400 849 504 922 inquis,
522 867 585 906 cum
605 848 744 920 epistola?
781 893 1039 910 ........
1072 849 1107 919 Π,
1121 849 1199 922 proci.

200 921 275 988 Quid
292 939 350 978 non
367 921 446 994 cogit
463 927 559 978 amor?
578 920 669 976 secuit
685 921 799 978 nolente
818 919 966 991 capillos.
995 964 1002 978 .
1032 965 1039 979 .
1117 921 1149 988 V,
1163 925 1200 974 43.

199 991 274 1059 Quid
291 1009 366 1048 nunc
384 1009 470 1049 aava
487 993 563 1064 iugis
581 991 689 1063 placidi
706 992 787 1062 lepus
806 1007 857 1047 ora
873 990 1002 1050 leonist.
1032 1036 1040 1050 .
1137 991 1201 1059 133

200 1062 274 1130 Quid
291 1067 412 1134 pereunt
429 1065 518 1120 stulto
536 1064 624 1118 fortes
641 1062 751 1118 haltere
769 1061 888 1118 lacerti?
925 1105 932 1120 .
960 1106 967 1120 .
996 1105 1002 1119 .
1033 1107 1040 1122 .
1077 1063 1149 1130 XIV,
1165 1067 1201 1116 13.

200 1134 275 1200 Quid
291 1135 478 1206 promittebas
496 1134 567 1190 mihi
585 1133 674 1203 milia,
694 1133 795 1202 Gauro,
814 1133 965 1191 ducente.
993 1177 1000 1192 .
1030 1179 1038 1192 .
1115 1133 1149 1204 V,
1165 1137 1201 1188 33.

199 1204 274 1271 Quid
290 1206 460 1262 recitaturus
478 1205 635 1262 circumdas
653 1205 761 1261 vellera
778 1205 896 1264 collot.
925 1248 932 1262 .
961 1249 967 1260 .
996 1249 1003 1260 .
1034 1249 1041 1263 .
1103 1205 1150 1274 IV,
1166 1209 1201 1258 41.

200 1275 292 1344 „Quid
310 1277 417 1332 sentis“
435 1275 529 1345 inquis
549 1276 602 1344 „dc
619 1275 733 1344 nostris,
752 1277 856 1343 Marce,
874 1275 1039 1334 libellisefl.
1117 1276 1149 1345 V,
1167 1281 1202 1330 33.

200 1345 282 1415 Quid,
302 1348 397 1415 stulte,
415 1347 521 1402 nostris
539 1347 667 1402 versibus
685 1351 749 1402 tuos
767 1346 887 1401 misces?
925 1391 932 1404 .
960 1389 967 1402 .
996 1389 1003 1402 .
1032 1389 1040 1405 .
1100 1345 1202 1416 X,lot.

199 1417 273 1484 Quid
291 1420 329 1484 te,
347 1417 449 1485 Tucca,
466 1417 548 1473 iuvat
565 1419 660 1474 vetulo
679 1417 798 1473 miscere
816 1417 936 1472 Falerno
960 1459 968 1475 .
995 1460 1003 1474 .
1031 1461 1040 1476 .
1130 1419 1203 1486 th.

199 1487 273 1556 Quid
290 1487 346 1543 tibi
363 1487 511 1544 nobiscnm
529 1491 581 1556 est,
600 1489 661 1544 ludi
679 1489 815 1544 scelerate
832 1487 1000 1559 magister.
1030 1531 1037 1548 .
1103 1489 1150 1558 ΙΧ,
1167 1494 1202 1543 38,

199 1559 273 1625 Quid
290 1559 373 1614 sellis
391 1559 527 1626 vetulum,
546 1559 636 1630 Ligia,
654 1565 793 1614 cunnum?
816 1601 1040 1618 .......
1117 1561 1151 1628 Χ,
1168 1565 1202 1614 30.

199 1629 320 1695 Quidam
339 1646 384 1685 me
402 1630 496 1696 modo,
514 1630 595 1698 Rufe,
614 1630 768 1700 diligenter
782 1673 1039 1688 ........
1104 1631 1151 1699 vl,
1167 1635 1204 1686 33.

199 1700 343 1770 Quidquid
361 1701 423 1772 agii
440 1701 539 1768 Rufus,
556 1701 629 1756 nihil
648 1705 692 1756 est
709 1701 765 1756 nisi
782 1699 894 1756 Naevia
910 1700 1002 1757 Rufo.
1027 1705 1039 1760 ’.
1130 1703 1151 1771 l,
1168 1707 1204 1756 38.

199 1771 343 1841 Quidquid
360 1772 391 1826 in
410 1770 521 1842 Orpheo
539 1772 675 1844 Rhodope
694 1774 838 1843 spectasse
855 1771 968 1828 theatro
995 1817 1002 1829 .
1031 1815 1039 1830 .
1144 1779 1204 1829 .21.

199 1842 342 1912 Quidquid
359 1843 511 1898 Parrhasia
526 1843 640 1899 nitebat
656 1844 753 1900 sula.
782 1883 790 1899 .
817 1886 825 1900 .
924 1885 932 1900 .
1032 1887 1041 1901 .
1143 1849 1204 1914 ,lt

200 1913 343 1983 Quidquid
361 1914 477 1984 ponitur
494 1914 561 1969 hinc
579 1916 608 1969 et
625 1913 691 1969 inde
709 1913 797 1970 verris
815 1955 1039 1972 .......
1116 1915 1149 1982 Π,
1167 1919 1205 1970 37.

200 1983 327 2054 Quinque
347 1984 417 2040 satis
436 1985 560 2040 fuerant:
579 2003 646 2039 nam
664 2002 712 2040 sex
731 1987 875 2066 septemve
892 1982 1002 2040 libelli.
1031 2029 1039 2044 .
1095 1985 1167 2054 VIII,
1183 1992 1206 2040 3.

199 2055 302 2123 Quinte
323 2054 489 2112 Caledonios
509 2053 593 2110 Ovidi
610 2056 703 2111 visure
722 2055 873 2112 Britannos
889 2098 1040 2114 .....
1116 2057 1149 2126 X,
1167 2062 1206 2111 44.

199 2124 382 2195 Quintiliane,
401 2143 491 2197 vegae
508 2126 670 2181 moderator
688 2141 795 2182 summe
813 2126 967 2184 iuventae.
995 2171 1002 2184 .
1032 2170 1040 2185 .
1116 2128 1152 2197 11,
1169 2133 1207 2183 30.

199 2197 334 2264 Quintum
352 2214 404 2268 pro
422 2197 547 2264 Decimo,
567 2214 619 2267 pro
637 2195 745 2265 Crasso,
764 2197 881 2268 Regulo,
899 2197 1041 2258 Macrum.
1116 2199 1152 2270 V,
1169 2205 1207 2254 st.

199 2267 320 2335 Quintus
338 2269 497 2324 nostrorum
515 2268 589 2323 liber
606 2270 659 2337 est,
677 2269 814 2338 Auguste,
832 2267 958 2324 iocorum
995 2313 1002 2328 .
1032 2313 1040 2328 .
1115 2269 1152 2340 V,
1171 2277 1208 2326 1⁵.

116 2347 119 2354 “
200 2339 270 2405 Quia
287 2340 368 2395 labor
385 2339 416 2394 in
433 2339 549 2410 phiala?
568 2339 645 2395 docti
663 2339 742 2410 Myos
761 2356 834 2395 anne
852 2339 1002 2410 Myronos?
1031 2385 1038 2399 .
1076 2341 1152 2410 VIII,
1172 2347 1209 2397 51.

199 2409 268 2477 Quis
285 2411 374 2480 negat
392 2427 454 2466 esse
472 2413 565 2465 satum
582 2413 710 2466 materno
729 2410 826 2466 sunere
844 2410 1005 2467 Bacchum?
1029 2456 1036 2470 .
1095 2413 1126 2470 E
1146 2456 1153 2468 .
1173 2419 1209 2468 13.

104 2491 106 2494 ’
200 2480 269 2547 Quis
286 2481 431 2537 Palatinos
449 2481 580 2536 imitatur
597 2481 721 2552 imagine
739 2483 835 2537 tultus
850 2525 1038 2541 ......
1172 2489 1209 2541 34.

200 2551 268 2618 Quis
285 2569 357 2623 puer
373 2551 420 2608 hio
439 2553 538 2608 nitidis
557 2552 673 2608 absistit
689 2552 837 2615 Ianthidos
855 2553 965 2610 undis.
996 2597 1002 2612 .
1032 2596 1039 2612 .
1089 2554 1154 2623 VII,
1174 2561 1209 2610 15.

200 2622 276 2692 Quis,
294 2640 373 2694 rogo,
392 2625 451 2679 tam
470 2625 564 2690 durus,
583 2624 646 2692 quis
665 2625 725 2678 tam
743 2623 799 2678 init
816 2623 865 2678 ille
884 2623 1040 2696 superbus.
1116 2624 1155 2694 X,
1174 2632 1209 2684 36.

200 2693 268 2760 Quis
287 2696 317 2750 te
335 2692 471 2750 Phidiaco
490 2695 648 2762 formatam,
667 2695 748 2761 Iulia,
768 2695 859 2751 caelo.
888 2739 896 2754 .
924 2739 930 2753 .
960 2739 967 2752 .
994 2737 1001 2752 .
1032 2739 1040 2754 .
1102 2696 1156 2766 VI,
1175 2704 1210 2752 13.
1242 2721 1243 2727 ¹

200 2764 268 2831 Quis
285 2765 340 2820 tibi
379 2765 500 2821 ersuasit
517 2782 598 2820 nares
618 2765 763 2821 abscidere
781 2765 932 2824 moechot.
961 2809 969 2823 .
997 2810 1004 2825 .
1034 2810 1041 2825 .
1102 2767 1156 2838 111,
1175 2773 1211 2825 85.
1240 2827 1241 2837 ,

200 2835 333 2905 Quisquis
386 2837 520 2891 aminium
538 2837 616 2904 teris,
634 2835 727 2892 viator
746 2877 1040 2897 .........
1102 2837 1210 2908 Χ1,13.
1239 2869 1240 2893 ι

200 2906 333 2976 Quisquis
351 2907 430 2962 laeta
448 2907 505 2962 tuis
523 2909 554 2962 et
572 2924 636 2962 sera
653 2907 818 2978 parentibus
838 2909 932 2978 optas.
960 2951 968 2966 .
996 2951 1004 2966 .
1033 2951 1041 2966 .
1119 2909 1156 2980 X,
1207 2951 1211 2962 .

200 2977 333 3047 Quisquis
352 2979 478 3034 stolaeve
495 2995 672 3048 purpuraeve
691 2981 869 3050 contemptor
890 3022 1041 3039 .....
1138 2981 1175 3051 Χ,
1193 2987 1210 3035 t.

200 3047 261 3115 Quo
278 3049 371 3119 possit
387 3049 449 3104 deri
466 3049 559 3117 modo,
579 3049 680 3104 Severe
711 3093 1041 3112 ..........
1090 3049 1157 3122 VII,
1177 3059 1211 3110 31.
1224 3059 1236 3115 ἰ

200 3119 260 3186 Quo
279 3123 320 3188 tu,
339 3137 402 3189 quo,
421 3119 495 3176 liber
513 3121 611 3188 otiose,
631 3120 725 3175 tendis
749 3165 1041 3182 .........
1125 3124 1175 3193 XI,
1196 3133 1212 3178 1.
1234 3143 1235 3171 ι

200 3190 324 3257 Quouis
343 3208 396 3246 cun
417 3207 452 3246 ue
470 3192 532 3246 loco
572 3195 633 3246 otes
651 3192 726 3247 hunc
744 3191 824 3248 linire
841 3191 1001 3250 libellum.
1031 3238 1038 3252 .
1093 3191 1167 3251 XIV
1194 3195 1234 3250 tl

199 3262 281 3329 Quod
299 3262 386 3343 alpha
425 3261 471 3330 'i,
490 3209 587 3343 toric,
606 3263 825 3332 paenulatorum
854 3308 860 3322 .
890 3308 896 3322 .
925 3309 931 3322 .
960 3307 967 3322 .
996 3308 1003 3321 .
1032 3307 1039 3322 .
1121 3266 1158 3336 V,
1169 3240 1212 3323 133.

199 3333 280 3399 Quod
299 3332 434 3388 Caietano
452 3332 556 3402 redon,
575 3333 769 3404 Polycharmo,
787 3335 932 3392 tabellas.
961 3379 968 3392 .
997 3379 1003 3391 .
1035 3379 1041 3392 .
1076 3333 1160 3408 VIII,
1179 3345 1231 3396 etl

199 3403 281 3468 Quod
300 3404 406 3458 clames
424 3421 543 3474 semper,
557 3405 633 3474 quod
649 3406 800 3476 egentibus
815 3406 965 3477 obstrepis,
978 3405 1044 3462 Aeli
1136 3409 1160 3478 I,
1180 3415 1212 3466 33.
1228 3407 1230 3454 l

199 3474 280 3540 Quod
299 3474 456 3529 convivaris
476 3475 536 3532 sine
554 3493 599 3532 me
619 3479 678 3532 tam
696 3493 789 3560 saepe,
808 3477 849 3532 Lu
871 3493 932 3533 erce
960 3519 968 3534 .
997 3522 1004 3535 .
1033 3521 1040 3535 .
1105 3477 1161 3550 Vl,
1181 3488 1213 3538 tl.

200 3543 281 3612 Quod
299 3545 378 3616 cupis
397 3545 428 3601 in
444 3547 549 3602 nostris
569 3547 680 3618 dieique
699 3548 813 3619 legique
832 3497 966 3606 thenis.
995 3591 1002 3607 .
1031 3591 1039 3609 .
1107 3549 1162 3624 IV,
1183 3559 1227 3615 tlt

1225 3629 1226 3671 1

1211 3729 1224 3781 ι

1220 3795 1223 3893 1

1217 3899 1221 3969 ι
