2528 4038
201 141 271 257 aa,
364 263 368 272 ¹
468 142 888 286 'aemulamina

245 351 362 419 Decies
386 350 526 420 Sabinus
550 353 754 438 alterumque
779 350 951 440 Serranus;

245 439 299 508 Ex
320 441 436 508 insulis
458 441 632 527 fundisque
654 441 765 508 tricies
789 440 932 525 soldnm,

221 528 299 595 sEx
321 551 437 616 pecore
459 529 596 596 redeunt
617 532 668 594 ter
691 527 814 596 ducena
836 529 1035 596 Parmensi“:

246 616 340 683 Totis
363 616 491 700 diebus,
512 618 607 704 Afer,
629 618 691 684 hoc
714 617 796 682 mihi
818 639 934 684 narras

196 731 202 743 ·
247 703 292 770 Et
314 707 409 771 teneo
433 705 549 772 melius
572 708 650 790 ista,
677 727 775 790 quam
798 727 907 774 meum
930 727 1057 774 nomen.

246 791 408 860 Numeres
432 798 563 880 oportet
586 794 722 880 aliquid,
744 799 782 860 ut
804 796 876 881 pati
897 795 1036 882 possim:
1093 841 1098 849 -

139 959 144 966 ¹
247 879 454 948 Cotidianam
477 883 571 948 refice
593 904 750 949 nauseam
772 883 928 948 nummis:
1021 914 1023 916 ·

204 969 368 1036 roAudiro
392 970 513 1058 gratis,
535 971 629 1058 Afer,
651 972 717 1038 ista
739 993 806 1038 non
828 993 970 1060 possum.

294 1249 296 1254 ,
618 1143 804 1232 dxxvm.

247 1267 358 1354 Galla,
381 1273 478 1356 nega:
502 1271 643 1338 satiatur
666 1294 771 1354 amor,
793 1271 856 1339 nisi
879 1271 999 1359 gaudia
1021 1278 1182 1362 torquent:

293 1356 358 1426 Sed
379 1359 450 1426 noli
471 1360 623 1445 nimium,
646 1359 756 1446 Galla,
779 1381 899 1450 negare
922 1361 986 1428 diu.

637 1553 786 1620 XXXIX.

246 1657 388 1746 Argenti
411 1680 514 1748 genus
538 1682 634 1726 omne
657 1661 868 1746 comparasti,
971 1654 980 1669 ’

245 1744 293 1813 Et
315 1747 403 1816 solus
426 1752 552 1814 veteres
576 1747 732 1832 Myronos
756 1753 857 1832 artes,

162 1885 164 1888 -
249 1832 345 1902 Solus
367 1834 551 1902 Praxitelus
575 1859 707 1902 manum
730 1833 931 1926 Scopaeque,

249 1921 346 1990 Solus
367 1921 516 1990 Phidiaci
539 1929 689 1990 toreuma
711 1926 807 2010 caeli,

221 2009 347 2078 aSolus
369 2011 555 2078 Mentoreos
578 2013 679 2078 habes
702 2013 842 2080 labores.

247 2099 317 2168 Nec
340 2100 458 2166 desunt
480 2101 543 2166 tibi
566 2124 642 2168 vera
666 2100 837 2186 Gratiana,

246 2187 317 2255 Neo
338 2210 421 2274 quae
444 2187 588 2256 Callaico
611 2189 760 2256 linuntur
783 2213 876 2276 auro,

246 2275 316 2344 Nec
338 2277 459 2344 mensis
483 2277 661 2364 anaglypta
682 2278 722 2343 de
744 2281 900 2364 paternis.

246 2365 431 2452 Argentum
454 2368 566 2430 tamen
587 2367 673 2430 inter
697 2387 792 2432 omne
815 2367 930 2451 miror,

147 2485 149 2488 ·
204 2470 237 2520 ιο
248 2453 356 2532 Quare
377 2475 445 2520 non
467 2453 603 2540 habeas,
626 2452 781 2541 Charine,
802 2477 930 2540 purum.

678 2631 746 2698 XL.

246 2735 342 2802 Atria
364 2735 521 2803 Pisonum
545 2738 679 2803 stabant
702 2759 777 2804 cum
800 2741 974 2804 stemmate
996 2743 1077 2808 toto

290 2825 337 2890 Et
359 2824 446 2892 docti
470 2824 609 2892 Senecae
632 2831 683 2892 ter
704 2827 906 2892 numeranda
928 2828 1059 2914 domus,
1107 2866 1110 2874 ·

245 2911 463 2980 Praetulimus
487 2915 590 2980 tantis
614 2915 719 2981 solum
743 2919 791 3000 te,
813 2913 984 3001 Postume,
1002 2919 1131 3004 regnis:
1217 2930 1224 2945 “

290 3001 418 3086 Pauper
442 3025 512 3069 eras
537 3007 569 3068 et
592 3026 705 3088 eques,
727 3004 784 3070 sed
807 3004 888 3069 mihi
911 3005 1024 3071 consul
1048 3029 1129 3074 eras.

220 3089 366 3155 aTeoum
389 3093 440 3154 ter
463 3091 560 3158 denas
582 3094 763 3178 numeravi,
786 3092 955 3178 Postume,
978 3093 1127 3162 brumas:

292 3175 482 3245 Communis
504 3181 599 3246 nobis
623 3181 726 3248 lectus
750 3183 782 3246 et
803 3203 887 3248 unus
911 3185 991 3247 erat.

246 3265 319 3331 Iam
343 3266 464 3332 donare
487 3272 594 3353 potes,
617 3271 683 3336 iam
706 3269 853 3355 perdere,
875 3270 991 3355 plenus
1015 3272 1184 3353 honorum,

291 3352 418 3438 Largus
442 3377 553 3439 opum:
577 3362 725 3442 expecto,
747 3359 914 3439 Postume,
939 3359 1015 3445 quid
1037 3359 1148 3428 facias.

248 3439 306 3505 Nil
325 3440 418 3518 facis,
434 3447 466 3508 et
481 3464 588 3509 serum
602 3451 653 3511 est
668 3447 767 3512 alium
782 3446 862 3511 mihi
877 3469 1030 3532 quaerere
1043 3471 1201 3538 regem.-

207 3543 238 3592 10
292 3525 378 3614 Hoc,
400 3526 559 3616 Fortuna,
582 3533 713 3617 placet?
747 3533 943 3619 „Postumus
966 3535 1151 3623 imposuit.“
