2596 4032
191 192 257 260 2⁷2
521 191 660 277 salvan
678 191 876 250 uaauums

233 355 281 424 nc
304 378 381 424 voce
404 359 495 424 certa
519 356 710 443 consciaque
734 356 876 441 dicebat,

235 444 320 513 Puer
343 468 385 512 an
406 445 518 532 puella
539 447 655 512 matris
679 450 766 514 asset
787 447 822 512 in
845 448 972 512 ventre:

237 570 275 584 -
297 532 444 602 Gaudete
466 535 577 619 cunni3
600 539 710 600 vestra
731 555 873 620 namque
895 555 949 600 res
972 537 1046 600 acta
1069 536 1120 599 est
1140 568 1187 581 -

192 638 226 689 ιο
235 621 390 712 Arrigere
413 625 562 710 linguam
584 645 652 690 non
673 625 785 709 potest
807 623 1005 690 fututricem.
1280 682 1282 711 ,

233 710 320 778 Nam
345 711 420 779 dum
444 711 583 779 tumenti
606 733 732 778 mersus
755 711 870 778 haeret
892 711 928 777 in
950 711 1047 778 volva
1113 759 1114 762 ,
1284 720 1285 726 ’

234 799 282 867 Et
304 802 472 888 vagientes
495 801 583 866 intus
607 799 699 865 audit
721 798 880 884 infantes,
1232 850 1236 856 .
1280 719 1285 860 i

233 887 366 956 Partem
390 890 540 976 gulosam
564 889 665 955 solvit
688 888 838 956 indecens
862 887 1007 956 morbus.

234 975 304 1045 Nec
326 999 426 1065 purus
451 999 521 1045 esse
543 999 635 1044 nunc·
652 981 763 1064 potest
785 999 846 1044 nec
868 978 1027 1064 impurus.

649 1137 751 1216 axu.
806 1103 845 1204 a

235 1241 354 1310 Lesbia
376 1267 412 1312 sa
434 1245 522 1312 iurat
544 1245 649 1330 gratis
672 1265 840 1329 nunquam
863 1265 934 1310 esse
956 1208 1109 1310 fututam.

279 1330 403 1400 Verum
425 1338 482 1401 ast.
521 1330 602 1400 Cum
625 1333 711 1398 futui
735 1334 819 1418 vult,
840 1354 1012 1400 numerare
1036 1333 1132 1398 solet.

173 1459 195 1510 ‘²
235 1499 240 1505 ·
638 1443 768 1566 Lam(
789 1431 824 1518 d
839 1545 840 1548 γ
926 1535 934 1544 -.

9 1572 30 1742 W
54 1572 116 1695 dit,
139 1520 160 1608 is
211 1617 213 1648 1
236 1593 371 1683 Spectas
387 1619 468 1682 noe,
490 1570 693 1681 Pliilomuse‚
716 1620 790 1665 cum
811 1575 976 1683 lavamur,
1005 1553 1117 1693 wi
1147 1547 1165 1584 ο

21 1743 30 1765 .
111 1717 153 1772 aa
173 1661 209 1736 ‘l‘
236 1685 282 1752 Et
305 1708 405 1772 quare
428 1685 510 1752 mihi
533 1691 602 1753 tam
626 1687 802 1753 mutuniati

76 1771 83 1854 ‚l
122 1765 128 1814 ¹
214 1845 215 1850 1
238 1772 312 1840 Sint
335 1776 422 1842 leves
445 1776 550 1859 pueri,
574 1775 711 1842 subinde
735 1777 873 1861 quaeris.

212 1891 213 1896 ¹
237 1861 351 1930 Dicam
376 1863 569 1949 simpliciter
592 1865 654 1930 tibi
677 1864 822 1950 roganti:

211 1951 426 2037 ePaedicant,
449 1952 649 2040 Philomuse,
673 1953 829 2040 curiosos.

641 2055 802 2178 amull

236 2215 356 2284 Nescio
379 2222 449 2283 tam
473 2217 586 2283 multis
611 2217 688 2304 quid
712 2217 854 2304 scribas,
873 2215 1009 2302 Fausta,
1031 2216 1168 2302 puellis:

280 2305 355 2373 Hoc
377 2305 457 2388 scio,
480 2305 567 2392 quod
590 2307 703 2372 scribit
725 2307 817 2372 nulla
839 2307 948 2393 p'uclla
971 2305 1041 2372 tibi.

652 2463 753 2532 arv.

239 2570 387 2640 Sescenti
409 2575 527 2638 cenant
551 2593 570 2636 a
592 2574 638 2655 te,
662 2569 800 2656 Iustina,
824 2570 931 2637 vocati

281 2661 378 2728 Lucis
402 2661 443 2726 ad
467 2660 610 2726 officium
634 2681 716 2745 quae
739 2659 801 2724 tibi
824 2661 930 2745 prima
953 2659 1025 2727 fuit.

237 2749 327 2816 Inter
351 2771 446 2836 quos,
469 2748 614 2832 memini,
637 2771 703 2814 non
725 2748 862 2814 ultimus
886 2771 957 2815 esse
982 2749 1144 2836 solebam,
1238 2781 1252 2803 ·

282 2837 351 2904 Nec
374 2838 466 2904 locus
489 2837 543 2904 hic
565 2835 660 2903 uobis
683 2837 863 2904 invidiosus
888 2843 968 2905 erat.
992 2857 996 2866 ·

212 2925 374 2993 oPostera
397 2927 453 2992 sed
476 2925 578 2992 festae
602 2925 708 2992 reddis
733 2927 906 2992 sollemnia
929 2948 1078 2993 mensae:-

283 3013 447 3082 Sescentis
470 3015 579 3096 hodie,
603 3036 675 3082 cras
698 3015 779 3082 mihi
800 3020 897 3081 natus
921 3016 994 3083 eris.
1066 3027 1068 3030 ’

645 3173 761 3241 axvi.
776 3137 827 3222 Ᾰ

224 3281 283 3354 ,Et
306 3282 433 3348 delator
456 3303 490 3346 es
515 3284 547 3347 et
571 3281 801 3367 calumniator,

219 3369 284 3472 ,Et
307 3371 476 3436 fraudator
499 3392 533 3436 es
558 3374 591 3436 et
613 3372 815 3472 negotiator,

211 3457 284 3576 ,Ec
306 3459 438 3526 fellator
462 3481 496 3524 es
520 3464 553 3524 et
576 3460 703 3525 lanista.
741 3458 845 3525 Miror

211 3577 219 3664 l
239 3544 345 3622 Quare
367 3569 434 3616 non
457 3547 593 3634 habeas,
617 3547 772 3635 Vacerra,
795 3569 956 3616 nummos.
