2610 4048
200 215 229 312 '2
538 241 891 301 nemusculum

251 405 416 480 Venitab
440 405 571 493 Orpheo
595 406 702 474 cultor
723 405 934 492 Rhodopeius
958 403 1097 489 Haemo,

115 517 120 523 ·
295 495 397 562 Venit
420 500 453 562 et
477 500 574 582 epoto
599 493 750 562 Sarmata
772 500 887 582 pastus
911 516 1008 580 equo,

226 585 298 653 aut
320 584 376 672 qui
398 585 505 670 prima
526 585 612 650 bibit
634 582 784 670 deprensi
806 583 941 650 flumina
964 581 1046 663 Nili,

295 673 341 738 ut
364 694 461 759 quem
485 695 654 756 supremae
678 671 824 757 Tethyos
848 673 935 740 unda
956 671 1046 755 ferit3

251 761 437 828 Festinavit
460 761 582 846 Arabs,
604 761 801 827 festinavere
824 759 955 843 Sabaei,

294 849 342 916 Et
364 847 482 918 Cilices
504 849 624 916 nimbis
647 849 701 915 hic
724 850 875 916 maduere
899 849 976 916 suis.

252 936 405 1006 Crinibus
428 939 463 1004 in
485 939 606 1005 nodum
628 939 711 1006 torti
733 959 848 1006 venere
872 937 1044 1022 Sicambri,

124 1071 128 1078 -
210 1044 243 1094 ιο
297 1027 407 1112 Atque
431 1027 528 1093 aliter
550 1029 647 1094 tortis
671 1027 814 1094 crinibus
838 1027 1028 1112 Aethiopes.
1117 1093 1122 1102 ,

243 1113 325 1182 'Vox
348 1115 477 1181 diversa
499 1121 596 1183 sonat
617 1117 822 1204 populorum,
845 1121 917 1182 tum
935 1121 1045 1180 tamen
1068 1136 1134 1180 una
1158 1118 1225 1200 eat,

297 1201 381 1270 (lum
403 1226 499 1270 verus
522 1205 647 1290 patriae
671 1205 787 1272 diceris
811 1226 882 1271 esse
904 1207 1007 1290 pater.

590 1311 616 1346 4

252 1451 364 1519 Turba
387 1453 496 1540 gravis
520 1453 593 1537 paci
615 1451 826 1539 placidaeque
848 1451 981 1519 inimica
1003 1451 1119 1538 quieti,

297 1540 387 1619 Quae
407 1563 537 1628 semper
560 1541 696 1610 miseras
720 1540 920 1607 sollicitabat
943 1562 1035 1627 opes,

253 1628 418 1696 Traducta
440 1635 491 1696 est
514 1630 626 1713 oeulis,
647 1651 707 1696 nec
729 1629 817 1715 cepit
838 1629 961 1696 harena
982 1631 1151 1696 nocentes:

296 1717 342 1784 Et
365 1718 493 1784 delator
515 1717 616 1784 habet
639 1719 725 1803 quod
748 1718 848 1784 dabat
871 1718 1012 1784 exilium.

226 1806 372 1872 oExulat
393 1807 540 1872 Ausonia
561 1807 721 1894 profugus
744 1807 872 1873 delator
893 1807 936 1873 ab
959 1807 1053 1872 urbe:
1184 1837 1189 1864 ι

297 1895 387 1962 Haec
409 1895 486 1962 licet
507 1895 652 1981 inpensis
675 1895 833 1982 principis
856 1895 1056 1962 adnumeres.

695 2035 737 2104 V.
1145 2054 1156 2105 r

252 2141 401 2212 Iunctam
424 2141 608 2230 Pasiphaen
630 2142 768 2210 Dictaeo
791 2144 912 2210 credite
936 2149 1045 2210 tauro:

296 2229 462 2317 Vidimus,
485 2232 610 2318 accepit
632 2230 745 2298 fabula
767 2233 875 2317 prisca
896 2232 1004 2298 fidem.

252 2317 322 2386 Nec
344 2342 379 2385 se
402 2319 552 2404 miretur,
575 2317 704 2405 Caesar,
727 2320 887 2408 longaeva
908 2324 1070 2387 vetustas:

298 2406 462 2494 Quidquid
483 2408 573 2474 fama
595 2408 697 2494 canit,
719 2412 868 2494 praestat
884 2409 1009 2476 harena
1030 2409 1101 2476 tibi.

686 2548 744 2616 VI.

251 2655 397 2744 Belliger
420 2623 550 2723 invictis
575 2655 662 2742 quod
683 2655 773 2722 Mars
796 2657 860 2723 tibi
884 2657 985 2725 servit
1007 2657 1043 2723 iu
1065 2658 1181 2741 armis,
1299 2703 1300 2717 ,

296 2744 374 2811 Non
397 2745 477 2810 satis
501 2748 561 2830 est,
585 2743 718 2831 Caesar,
742 2746 844 2812 servit
866 2751 900 2812 et
922 2747 996 2834 ipsa
1017 2745 1138 2812 Venus.

656 2885 705 2952 VI
765 2937 773 2955 .

252 2993 458 3060 Prostratum
481 2997 576 3060 vasta
599 2889 797 3060 Nemeisbin
819 2994 906 3061 valle
930 2995 1058 3061 leonem

164 3117 171 3125 -
296 3081 417 3148 Nobile
440 3085 474 3147 et
496 3081 691 3148 Herculeum
705 3081 805 3149 ‘fama
828 3083 966 3150 canebat
989 3105 1079 3170 opus.

251 3169 365 3236 Prisca
386 3169 466 3236 fides
489 3174 609 3236 taceat:
636 3193 713 3237 uam
737 3176 814 3258 post
836 3175 895 3237 tua
918 3195 1065 3257 munera,
1089 3169 1234 3264 Caesar,
1297 3161 1298 3186 ¹

297 3259 388 3328 Haec
410 3259 477 3325 iam
499 3259 639 3326 feminea
662 3260 799 3326 dicimus
822 3265 896 3327 acta
920 3283 1027 3328 manu.

678 3400 751 3468 VII.

253 3505 402 3584 Qualiter
424 3507 460 3573 iu
483 3505 636 3592 Scythica
658 3507 818 3594 religatus
840 3530 921 3596 rupe
943 3507 1161 3577 Prometheus
1295 3521 1296 3584 l

173 3645 176 3670 ³
297 3596 473 3679 A⁸⁵idl¹²m
497 3596 597 3662 nimio
620 3601 752 3682 pectore
775 3597 867 3682 pavit
890 3619 997 3683 avem,
