2596 4032
188 225 254 294 306
515 219 655 278 niun
674 175 875 276 unnmlms

232 387 278 454 Et
300 385 421 451 tinctas
445 385 512 450 sale
535 384 702 470 pruriente
725 380 856 449 obertus

233 473 376 542 Instanti
399 473 471 558 lege
495 471 595 560 Rufe;
615 473 672 538 sed
694 471 804 558 puella

208 565 286 630 oSit
308 566 414 627 tecum
438 564 510 645 tus,
532 561 808 626 ne'talassionem

233 651 359 718 Indicas
382 650 534 714 munibus
557 649 741 715 libidinosis

232 739 277 806 nt
299 739 358 804 fias
382 737 453 801 sine
474 737 597 804 femina
619 737 765 810 maritus.
872 799 873 802 ,

636 867 753 936 XCVI.
777 811 810 924 d

234 965 314 1047 Cum
338 965 400 1031 tibi
423 967 503 1030 nota
524 964 575 1030 tui
598 965 641 1030 sit
663 966 732 1032 vita
754 965 897 1050 fidesque
920 963 1044 1048 meriti,

277 1053 346 1120 Nec
368 1057 497 1138 premat
519 1053 588 1118 ulle
610 1057 686 1120 tuos
709 1055 904 1120 sollicitetve
927 1055 1032 1134 toros,
1283 1111 1284 1120 ,

235 1141 318 1220 Quid
342 1141 435 1228 quasi
457 1141 636 1226 paelicibus
660 1143 822 1228 torqueris
845 1143 957 1226 inepta
980 1139 1151 1221 ministris,
1283 1139 1284 1222 j

221 1227 224 1242 '
278 1229 318 1296 In
341 1230 457 1314 quibus
482 1234 515 1294 et
538 1230 645 1311 brevis
669 1235 719 1296 est
742 1234 775 1296 et
798 1231 938 1317 fugitiva
960 1227 1094 1294 Venus?
1163 1239 1168 1247 “
1283 1307 1284 1316 ¹

208 1315 311 1386 iPlus
333 1319 396 1382 tibi
419 1339 517 1403 quam
536 1317 667 1384 domino
691 1341 809 1404 pueros
832 1322 999 1404 praestare
1021 1317 1183 1402 probabo:
1283 1339 1284 1344 ¹

208 1405 211 1410 ’
280 1405 325 1472 Hi
346 1405 484 1492 faciunt,
506 1410 545 1472 ut
568 1407 612 1472 sis
635 1406 757 1474 femina
780 1409 850 1473 sola
872 1408 957 1490 vir03
1283 1485 1284 1492 ἵ

204 1491 212 1540 ’·
235 1495 280 1562 Hi
294 1496 373 1560 dant
386 1495 473 1580 quod
486 1517 552 1560 uon
565 1497 616 1561 vis
631 1517 712 1598 uxor
726 1497 811 1598 daie.
830 1495 908 1580 „,Do
925 1493 1068 1578 tamen,“
1080 1493 1207 1616 inquis,

236 1582 520 1738 mltum
539 1583 864 1756 tltltltttlt?
883 1587 1172 1738 {utillum

196 1777 228 1827 10
280 1758 332 1826 Ne
355 1759 483 1826 dubites
507 1783 589 1846 quae
613 1762 658 1826 sit
681 1759 776 1847 Chic,
798 1761 937 1828 marisca
959 1764 1018 1825 tua
1041 1765 1099 1825 est

76 1855 78 1857 ’
238 1845 325 1916 Scire
349 1869 424 1914 suos
447 1849 528 1914 fines
552 1853 704 1916 matrone
727 1854 760 1916 et
781 1848 903 1915 femine
926 1849 1036 1914 debet:

224 1941 237 1968 ’·
282 1933 365 2002 Cede
389 1957 449 2002 suu
470 1937 593 2024 pueris,
616 1943 707 2004 utere
730 1944 824 2029 parte
846 1941 913 2004 tua.

632 2077 764 2146 xuni.
804 2032 854 2110 V
893 2076 896 2080 ·
1026 2045 1032 2054 ’

239 2173 328 2239 Uxor
350 2195 423 2238 cum
445 2173 508 2239 tibi
531 2175 574 2239 sit
596 2175 720 2259 puelle,
744 2175 873 2261 qualem

240 2259 335 2325 Votis
358 2261 411 2324 vix
434 2265 526 2346 petet
547 2263 714 2346 improbus
738 2263 888 2346 maritus,

240 2347 354 2430 Dives,
375 2348 509 2433 nobilis,
533 2351 671 2434 erudita,
695 2356 799 2436 casta,

242 2434 392 2520 ltumpis,
414 2435 528 2520 Basse,
551 2437 652 2521 latus,
675 2437 731 2504 sed
754 2439 789 2504 in
811 2439 961 2526 cometis,

216 2522 359 2588 quoris
383 2523 444 2588 tibi
467 2523 542 2590 doto
566 2549 647 2610 quos
669 2527 803 2612 parasti.

221 2611 285 2675 -nt
307 2612 354 2676 sic
377 2610 417 2676 od
440 2611 603 2678 dominam
627 2637 757 2682 reverso
779 2616 915 2702 languet

241 2698 354 2763 Multis
377 2701 522 2765 mentula
545 2703 676 2768 milibus
699 2705 880 2790 redempta3
1005 2749 1007 2752 -

242 2785 303 2850 Sul
327 2809 384 2851 uec
407 2789 539 2854 vocibus
563 2791 702 2856 excitata
724 2793 866 2874 blandis,

244 2873 334 2938 llolli
359 2876 554 2959 pollicendo
579 2885 694 2964 rogata
717 2883 831 2968 surgit.
900 2895 903 2901 '

201 2964 292 3028 msit
315 2963 444 3029 landem
468 2964 585 3050 pudor,
610 2972 667 3033 aut
690 2991 800 3035 eamus
823 2971 857 3036 in
877 2971 937 3036 ius.

241 3047 317 3116 Non
340 3055 390 3116 est
411 3051 491 3118 haec
513 3057 583 3139 tua,
606 3053 720 3124 Basse:
743 3059 926 3126 vendidisti.

626 3195 773 3265 xuvnl.

242 3286 351 3353 Baetis
376 3289 523 3356 olivifera
546 3293 665 3360 crinem
689 3297 837 3365 redimite
860 3321 993 3385 corona,

286 3379 394 3443 Aurea
417 3379 472 3465 qui
494 3381 605 3447 nitidis
629 3385 751 3452 vellera
774 3388 897 3476 tinguis
921 3391 1028 3476 uquis3

242 3465 342 3542 Quem
352 3465 514 3552 Bromius,
525 3492 618 3553 quem
628 3471 739 3539 Pelles
751 3483 851 3563 amat3
867 3479 917 3544 cui
931 3482 1039 3544 rector
1049 3500 1217 3564 aquarum

285 3553 408 3620 Albula
430 3558 620 3643 navigerum
644 3583 702 3646 per
724 3563 809 3630 freta
831 3567 946 3652 pendit
969 3568 1047 3633 iter:
