2596 4032
166 202 236 271 264
497 203 535 262 M.
553 203 637 262 VAIa
657 200 854 354 nsanlsmp

803 313 825 376 l.

615 364 735 434 XXXI.

211 455 336 522 Atreus
359 453 521 524 Caecilius
545 454 785 522 cucurbitarum

213 542 267 612 Sic
290 544 367 612 illas
390 545 484 632 quasi
506 543 593 610 filios
617 542 782 628 Thyestae

210 631 251 700 In
273 637 385 719 partas
409 634 533 700 lacerat
555 635 707 717 secatque
731 631 830 698 mille.

212 720 317 789 Gustu
339 723 489 807 protinus
513 721 573 786 has
597 719 673 786 edes
696 720 841 804 inipso,

185 809 283 876 oHas
306 812 413 896 prima
435 809 518 876 feret
540 809 684 874 alterave
707 830 800 894 cena,

212 897 283 964 Has
306 921 386 966 cena
408 899 470 966 tibi
492 898 592 964 tertia
614 901 765 983 reponet,

211 985 299 1052 Hinc
322 1009 411 1055 seras
435 985 638 1072 epidipnidas
662 985 802 1072 parabit.

119 1074 121 1078 ’
213 1073 299 1141 Hinc
321 1075 427 1162 pistor
449 1076 559 1141 fatuas
581 1073 662 1140 facit
684 1074 867 1159 placentas,

212 1161 299 1228 Hinc
321 1168 355 1230 et
377 1164 578 1250 multiplices
602 1163 700 1229 struit
722 1163 864 1228 tabellas

173 1250 260 1318 toEt
281 1255 378 1318 notas
401 1253 584 1337 caryotidas
607 1251 755 1318 theatris.

131 1349 132 1353 ’
212 1338 299 1405 Hinc
322 1339 390 1406 exit
411 1341 538 1406 varium
561 1361 638 1408 coco
661 1339 814 1424 minutal,

212 1425 260 1494 Ut
282 1428 404 1494 lentem
427 1430 569 1514 positam
591 1427 767 1512 fabamque
790 1427 934 1511 credas3-

214 1515 349 1583 Boletos
372 1517 519 1582 imitatur
545 1521 578 1582 et
602 1517 756 1601 botellos,

213 1603 260 1671 Et
283 1604 420 1672 caudam
443 1606 529 1689 cybii
551 1605 729 1690 brevesque
752 1625 893 1670 maenas.

171 1707 204 1759 15
214 1691 300 1761 Hinc
324 1693 475 1760 cellarius
500 1693 664 1779 experitur
687 1696 787 1775 artes,

213 1781 261 1849 Ut
282 1781 402 1849 condat
424 1781 515 1848 vario
537 1781 629 1846 vafer
652 1802 767 1866 sapore

214 1870 253 1936 In
275 1875 369 1937 rutae
392 1870 507 1936 folium
531 1867 730 1955 Capelliana.

215 1956 269 2025 Sic
291 1959 408 2046 implet
432 1959 570 2046 gabatas
593 1957 846 2043 parapsidesque

215 2047 262 2114 Et
284 2048 373 2114 leves
397 2047 540 2113 scutulas
563 2067 723 2132 cavasque
746 2046 864 2111 lances.

171 2135 289 2202 20Hoc
311 2137 439 2202 lautum
462 2139 572 2218 vocat,
594 2134 657 2200 hoc
680 2137 775 2218 putat
797 2136 984 2218 venustum,

213 2222 324 2292 Unum
347 2246 467 2310 ponere
490 2223 621 2290 ferculis
645 2226 698 2288 tot
721 2243 837 2287 assem.

214 2442 285 2511 Nec
306 2449 387 2531 toga
408 2466 467 2511 nec
490 2443 581 2510 focus
605 2447 655 2508 est
677 2464 736 2509 nec
758 2443 856 2509 tritus
880 2443 993 2512 cimice
1016 2443 1121 2510 lectus

259 2531 330 2599 Nec
351 2533 414 2598 tibi
437 2533 476 2598 dc
498 2532 612 2598 bibula
635 2535 725 2597 sarta
747 2532 866 2618 palude
889 2536 996 2620 teges,

214 2619 285 2688 Nec
307 2643 389 2707 puer
412 2626 469 2687 ant
491 2622 614 2702 senior,
631 2621 724 2686 nulla
747 2627 797 2686 est
820 2621 940 2688 ancilla
962 2642 1022 2687 nec
1045 2620 1173 2707 infans,

258 2707 328 2776 Nec
351 2731 425 2777 scra
447 2731 506 2776 nec
530 2708 631 2775 clavis
654 2731 714 2774 nec
737 2710 825 2775 canis
850 2715 948 2796 atque
971 2711 1064 2776 calix.

189 2797 265 2864 cTu
287 2801 399 2866 tamen
422 2799 569 2882 affectas,
591 2795 727 2881 Nestor,
750 2798 814 2864 dici
837 2804 934 2884 atque
957 2800 1061 2866 videri

258 2885 401 2973 Pauper,
425 2889 514 2952 etin
537 2886 659 2971 populo
684 2888 812 2972 quaeris
835 2889 956 2954 habere
979 2889 1095 2955 locum.
1158 2895 1160 2898 ’
1259 2879 1262 2886 ’

213 2974 364 3043 Mentiris
388 2997 536 3062 vanoque
560 2975 622 3039 tibi
644 2975 806 3040 blandiris
829 2977 962 3043 honore.

258 3063 335 3132 Non
359 3068 409 3131 est
430 3067 622 3150 paupertas,
645 3062 781 3149 Nestor,
804 3065 924 3163 babere
947 3064 1038 3130 nihil.

602 3193 754 3261 xxxin.
781 3167 804 3238 l

216 3283 351 3368 Saepius
375 3281 416 3348 ad
439 3283 585 3370 palmam
607 3285 759 3370 prasinus
782 3283 950 3370 postlata
973 3285 1114 3353 Neronis

257 3373 413 3439 Pervenit
436 3375 469 3437 et
492 3374 598 3438 victor
620 3375 766 3459 praemia
789 3374 885 3459 plura
908 3375 1018 3440 refert.

212 3459 352 3545 Inunc,
375 3460 460 3526 livor
484 3461 579 3547 edax,
602 3462 653 3528 dic
676 3468 710 3529 te
733 3464 869 3530 cessisse
892 3463 1030 3529 Neroni:

259 3549 350 3616 Vicit
372 3548 528 3616 nimirum
552 3572 618 3618 non
640 3551 744 3638 Nero,
768 3553 824 3618 sed
846 3552 1009 3638 prasinus.
