2528 4038
162 194 232 280 ,104
493 189 852 250 uuiuueuuuus

210 353 245 424 si
268 355 367 422 nimis
390 359 441 422 eet
464 355 585 443 legisse
607 355 702 443 duos,
723 353 785 420 tibi
808 353 922 422 chama
941 339 1079 442 ¹plicetur

253 443 385 512 Altera:
408 443 547 510 divisum
572 445 617 512 sic
640 444 740 512 breue
761 443 819 510 fiet
843 465 933 530 opus.

582 601 760 670 LXXXIII.
878 597 881 604 ’

211 709 332 778 Securo
354 709 438 776 nihil
462 714 512 775 est
534 712 582 794 te,
603 708 764 794 Naevole,
786 709 893 795 peius:
916 708 1030 777 eodem

256 797 405 867 Sollicito
428 798 513 864 nihil
536 802 599 884 est,
621 797 781 884 Naevole,
804 802 837 864 te
860 798 985 864 melius.

211 885 349 956 Securus
371 887 499 954 nullum
521 887 698 972 resalutas,
719 887 858 973 despicis
882 909 1009 971 omues,

254 974 325 1043 Nec
348 977 521 1062 quiequam
544 975 641 1058 liber,
662 999 722 1042 nec
745 976 807 1042 tibi
829 979 927 1042 uatus
950 976 1049 1041 homo
1071 977 1133 1039 est:

185 1063 380 1132 bSollicitus
403 1065 519 1149 donas,
542 1063 709 1132 dominum
732 1086 906 1152 regemque
930 1063 1068 1148 salutas,

255 1153 390 1220 Invitas
426 1153 524 1240 Esto,
547 1151 709 1238 Naevole,
729 1153 897 1220 sollicitus.

470 1313 472 1322 ’
583 1310 761 1379 LXXXIV.

211 1417 289 1484 Non
311 1417 419 1484 estin
440 1419 562 1504 populo
584 1439 644 1485 nec
666 1419 747 1484 urbe
769 1421 855 1503 tcta,

211 1506 243 1573 A
267 1527 302 1572 ee
323 1505 450 1572 Thaida
472 1506 528 1591 qui
550 1507 668 1593 probet
689 1507 846 1590 fututam,
952 1533 953 1539 ¹

212 1592 294 1661 Cum
317 1594 413 1662 multi
436 1596 569 1681 cupiant
590 1600 769 1682 rogentque
792 1595 896 1662 multi.

211 1681 294 1750 'Iam
317 1687 408 1750 easta
430 1687 494 1769 est,
516 1705 613 1771 rogo,
635 1683 759 1750 Thais?
794 1684 899 1750 Immo
922 1684 1025 1750 fellat.

592 1840 753 1910 LXXXV.
846 1878 848 1883 ·
887 1915 888 1918 ,

196 1945 283 2014 ῚΝοε
305 1946 448 2013 bibimus
471 1947 571 2032 vitro,
593 1951 631 2014 tu
653 1971 779 2034 murra,
800 1947 945 2016 Pontice.
981 1945 1108 2027 Quare?

256 2035 380 2102 Prodat
401 2037 591 2122 perspicuus
613 2058 654 2103 ne
677 2036 740 2103 duo
763 2038 842 2104 vina
865 2037 957 2104 calin

586 2193 1011 2270 LXXXVI..-
1092 2187 1117 2269 J

215 2299 251 2368 si
273 2301 324 2368 vis
348 2301 480 2367 auribus
502 2300 625 2366 Atticis
648 2301 794 2388 probari,

213 2390 382 2456 Exhortor
404 2411 584 2475 moneoque
607 2393 653 2472 te,
676 2389 802 2475 libelle,

213 2475 261 2543 Ut
284 2477 380 2545 docto
402 2477 532 2564 placeas
551 2477 747 2562 Apollinari.

213 2564 272 2634 Nil
296 2567 439 2633 exactius
463 2565 684 2652 eruditiusque
707 2569 771 2650 est,

188 2653 278 2720 oSed
300 2677 359 2721 nec
381 2653 548 2721 candidius
571 2653 819 2742 benigniusque:

218 2740 253 2808 Si
276 2745 309 2808 te
332 2747 475 2828 pectore,
498 2745 526 2808 si
548 2743 674 2808 tenebit
697 2764 766 2827 ore,

214 2829 284 2898 Nec
307 2831 469 2898 rhonchos
493 2833 616 2896 metues
640 2831 888 2918 maligniorum,

214 2917 284 2986 Nec'
307 2920 466 2986 scombris
489 2920 617 2984 tunicas
640 2919 734 2985 dabis
757 2923 923 2988 molestas.

216 3007 251 3074 Si
275 3007 491 3092 damnaverit,
514 3008 555 3072 ad
579 3007 772 3074 salariorum

172 3094 336 3163 recurras
359 3097 478 3164 scrinia
500 3095 650 3182 protinus
673 3097 799 3184 licebit,

213 3183 349 3251 Inversa
370 3183 480 3272 pueris
503 3185 622 3252 orande
645 3185 770 3253 charta.

487 3381 489 3385 ·
581 3343 775 3411 LXXXVII.

213 3447 378 3516 Infantem
401 3473 511 3518 secum
535 3471 663 3534 semper
686 3455 744 3517 tua
766 3451 884 3537 Bassa,
906 3451 1060 3539 Fabulle,

259 3534 409 3605 Collocat
432 3543 465 3606 et
486 3538 578 3604 lusus
601 3539 797 3626 deliciasque
820 3547 930 3628 uocat,
