2610 4048
410 259 839 322 amomumrosarssa
1110 260 1131 326 3

154 427 259 494 Nuda
282 428 459 496 Caledonio
483 431 529 496 sie
551 429 676 494 viscera
698 425 850 513 praebuit
871 445 948 491 urso

205 517 283 584 Non
306 519 391 585 falsa
414 520 557 606 pendens
580 519 614 582 in
638 537 730 583 eruce
749 513 937 580 Laureolus.

125 605 329 676 sVivebant
353 609 453 675 laceri
475 607 630 674 membris
654 603 857 670 stillantibus
880 604 972 668 artus

205 694 309 780 Inque
333 697 420 762 omni
444 719 605 782 nusquam
629 715 763 779 corpora
786 713 904 778 eorpus
927 693 1007 758 erat

158 783 311 870 Denique
336 787 531 872 supplicium
555 785 683 869 (liparem
706 783 794 848 tulit:
817 783 869 847 ille
884 779 1028 866 parator
1086 859 1088 866 Ι

204 870 268 937 Vel
294 873 415 939 domini
437 875 586 960 iugulum
610 872 737 938 foderat
760 891 836 936 ense
859 889 994 952 nocens,

158 959 300 1044 Templa
321 963 375 1028 vel
398 985 516 1030 arcano
541 963 672 1028 demens
697 959 898 1046 spoliaverat
920 979 1015 1042 auro,

109 1066 146 1114 10
208 1047 404 1116 subdiderat
427 1073 541 1117 saevas
565 1050 616 1116 vel
639 1048 715 1134 tibi,
738 1047 857 1132 Roma,
880 1045 977 1113 faces.
1035 1075 1038 1080 ·

159 1135 297 1204 Vicerat
320 1139 473 1224 antiquae
497 1139 673 1205 sceleratus
697 1135 833 1202 erimina
856 1133 976 1218 famae,
1095 1147 1099 1154 ’

206 1223 247 1290 In
270 1249 348 1312 quo,
372 1249 454 1314 quae
477 1227 584 1294 fuerat
606 1225 732 1310 fabula,
754 1245 860 1311 poena
881 1221 955 1288 fuit.

499 1401 501 1404 ’
580 1401 670 1471 VIII.

160 1507 322 1593 Daedale,
345 1509 476 1576 Lucano
501 1533 575 1578 oum
598 1511 645 1576 sie
667 1509 820 1575 lacereris
844 1507 885 1574 ab
909 1529 1000 1592 urso,

208 1595 314 1673 Quam
337 1621 471 1686 cuperes
495 1601 614 1686 pinnas
637 1621 721 1664 nune
744 1595 898 1663 habuisse
921 1597 1008 1663 tuasl

600 1774 656 1842 IX.

132 1889 134 1892 ’
162 1879 336 1946 Praestitit
360 1881 524 1948 exhibItus
548 1886 622 1948 tota
644 1881 719 1968 tibi,
742 1880 876 1967 Caesar,
899 1881 1023 1948 harena

209 1967 299 2045 Quae
321 1991 388 2036 non
410 1971 562 2056 promisit
585 1971 711 2058 proelia
733 1969 930 2036 rhinoceros.
1017 2026 1021 2034 .

165 2055 193 2122 O
219 2080 317 2142 quam
340 2059 506 2124 terribiles
531 2060 655 2125 exarsit
678 2080 798 2143 pronus
820 2059 855 2124 iu
877 2058 956 2124 iras!

211 2143 359 2222 Quantus
384 2152 455 2213 erat
476 2152 605 2233 taurus,
629 2148 680 2213 oui
702 2147 772 2234 pila
794 2150 908 2212 taurus
931 2145 1016 2212 eratl

609 2323 650 2392 K

163 2428 320 2496 Laeserat
341 2430 472 2519 ingrato
495 2431 547 2496 leo
571 2430 714 2516 perfidus
737 2452 793 2496 ore
815 2430 1025 2518 magistrum,
1064 2491 1065 2494 ,

211 2520 319 2586 Ausus
343 2523 413 2586 tam
435 2523 532 2586 notas
556 2523 778 2584 contemerare
802 2541 931 2604 manus,

163 2605 228 2676 Sed
253 2609 369 2696 dignas
393 2613 487 2674 tanto
511 2608 672 2694 persolvit
694 2608 827 2673 erimine
850 2629 986 2693 poenas,

208 2695 254 2764 Et
277 2697 334 2782 qui
355 2715 423 2764 non
439 2697 569 2764 tulerat
591 2697 740 2780 verbera,
763 2697 831 2762 tela
853 2697 941 2764 tulit

137 2785 254 2864 oQuos
278 2787 371 2852 decet
394 2807 466 2852 ease
489 2786 659 2851 homiuum
682 2785 744 2850 tali
763 2784 823 2850 sub
847 2785 992 2873 principe
1015 2807 1137 2871 mores,

211 2873 274 2951 Qui
296 2875 389 2940 iubet
411 2875 579 2961 ingenium
603 2874 714 2940 mitius
738 2895 808 2939 esse
831 2873 922 2942 feriat

519 3017 520 3020 Ὺ
602 3069 659 3138 xi.

161 3178 324 3264 Praeceps
349 3178 530 3266 sanguinea
551 3177 629 3242 dum
653 3198 688 3243 se
710 3178 800 3242 rotat
822 3197 917 3241 ursus
940 3175 1075 3261 harena,

209 3267 410 3352 Implicitam
433 3267 522 3334 visco
546 3265 689 3352 perdidit
711 3265 767 3331 ille
790 3263 913 3351 fugam.

165 3353 345 3442 Splendida
368 3356 434 3422 iam
458 3360 546 3422 teoto
570 3359 700 3422 cessent
721 3353 881 3444 venabula
903 3351 1004 3441 ferro,

207 3443 279 3510 Nee
301 3445 391 3512 volet
413 3467 548 3512 excussa
571 3445 685 3510 lancea
708 3447 798 3510 torta
820 3463 933 3527 manu3

132 3535 213 3604 5De
239 3532 356 3598 rendat
378 3555 480 3600 vacuo
504 3537 640 3600 venator
663 3533 698 3598 iu
722 3537 795 3598 adra
817 3530 987 3622 praedam,

208 3558 245 3690 di
269 3625 401 3708 captare
423 3621 511 3690 feras
536 3623 670 3708 aucupis
694 3625 765 3688 arte
787 3621 906 3705 placet.
945 3675 947 3678 .

940 3691 1278 3778 1'''‘
