2610 4048
387 237 687 296 EPIGRAMMATON
706 237 774 295 LlB.
794 237 829 294 11.
950 233 955 242 ’
1077 237 1120 304 53

144 403 251 480 Quem
274 423 340 467 non
364 402 504 468 lacernis
528 403 665 470 Publius
689 423 780 468 meus
802 401 919 489 vineit,

3 505 5 546 l
143 493 222 558 Non
245 491 314 576 ipse
337 489 463 558 Cordus
488 492 588 580 alpha
610 491 875 580 paenulatorum,

3 573 4 582 ’
112 581 249 657 eQuem
275 601 355 667 grex
378 585 513 668 togatus
537 583 684 670 sequitur
707 585 740 646 et
763 579 938 668 capillatus

143 669 336 753 Recensque
360 669 443 734 sella
466 669 639 755 linteisque
663 671 821 756 lorisque:
941 701 946 754 i

144 758 388 844 Oppigneravit
410 757 508 824 modo
532 759 628 825 modo
652 760 691 824 ad
716 757 809 825 Cladi
832 781 979 825 mensam

143 845 211 911 Vix
235 849 309 912 oeto
332 845 476 912 nummis
501 849 648 934 anulum,
671 849 755 914 unde
779 853 918 918 cenaret.

446 961 450 968 '
544 989 672 1058 nvm.

140 1093 289 1160 Pexatus
312 1095 449 1181 pulchre
472 1095 560 1162 rides
582 1119 668 1182 mea,
692 1096 795 1182 Zoile,
818 1097 908 1164 trita
959 1182 962 1188 ¹

192 1181 278 1248 Sunt
299 1183 380 1250 haee
402 1185 483 1250 trita
506 1185 650 1270 quidem,
674 1185 777 1272 Zoile,
800 1186 857 1252 sed
879 1207 953 1252 mea
977 1191 1061 1254 sunt.

574 1325 659 1392 LIX.

142 1432 234 1498 Mina
255 1454 366 1500 voeor:
390 1433 469 1519 quid
492 1431 555 1499 sim
578 1433 697 1518 cernis,
719 1435 845 1502 cenatio
868 1456 984 1522 parua:

192 1521 244 1586 Ex
267 1544 319 1588 me
343 1519 540 1588 Caesareum
562 1523 722 1608 prospieis
747 1531 818 1590 ecce
842 1524 978 1590 tholum

142 1609 275 1696 Frange
293 1615 398 1694 toros,
418 1615 493 1696 pete
512 1611 602 1694 vina,
620 1633 712 1678 rosas
731 1635 823 1699 cape,
837 1613 986 1700 tinguere
1004 1613 1122 1701 nardo:

192 1697 267 1785 Ipse
290 1699 382 1764 iubet
405 1699 520 1766 mortis
544 1703 578 1764 te
601 1700 788 1773 meminisse
812 1701 899 1768 deus.

582 1841 651 1908 LX.

145 1917 292 2013 onrem
316 1947 436 2014 armati
458 1947 574 2033 futuis,
597 1971 678 2034 puer
700 1949 815 2034 Hylle,
837 1950 971 2017 tribuni.

153 2059 156 2065 ¹
195 2035 400 2122 Supplicium
423 2040 554 2104 tantum
576 2059 654 2103 num
676 2039 800 2123 puerile
823 2039 944 2106 times?
1079 2037 1082 2042 ’

113 2161 118 2188 ι
147 2123 219 2189 Vae
242 2123 320 2208 tibi,
342 2125 420 2192 dum
443 2125 760 2208 ludis,.eastrabere.
796 2127 868 2194 Iam
891 2127 973 2193 mihi
997 2128 1082 2194 dices
1127 2161 1129 2164 ·

193 2211 290 2298 „Non
302 2213 380 2280 lieet
398 2214 488 2281 hoe.“
512 2213 619 2292 Quid?
633 2220 670 2281 tu
685 2217 772 2301 quod
785 2216 880 2302 lacis,
894 2215 1010 2302 Hylle,
1024 2218 1123 2284 lieet?
1159 2226 1164 2232 ’

572 2357 657 2423 LXI.

149 2461 232 2529 Cum
256 2463 319 2529 tibi
341 2468 516 2532 vernarent
538 2464 637 2530 dubia
660 2465 815 2551 lanugine
838 2466 958 2552 malae,

193 2551 377 2620 Lambebat
399 2554 523 2619 medios
546 2553 697 2638 improba
721 2554 834 2640 lingua
856 2555 954 2622 viros.
1075 2602 1083 2610 ·

82 2659 88 2663 ·
148 2639 330 2727 Postquam
352 2644 450 2708 triste
473 2649 572 2729 eaput
594 2643 727 2708 fastidia
750 2643 962 2729 vispillonum

194 2729 240 2795 Et
262 2731 374 2796 miseri
397 2732 516 2798 meruit
539 2732 649 2797 taedia
672 2731 851 2817 carnificis,

118 2817 262 2886 5Uteris
287 2839 344 2886 ore
367 2820 464 2886 aliter
485 2820 651 2906 nimiaque
675 2821 828 2906 aerugine
851 2825 966 2908 eaptus

194 2907 346 2974 Allatras
368 2929 488 2978 nomen
511 2910 597 2994 quod
620 2909 682 2974 tibi
705 2931 829 2995 cunque
853 2909 957 2978 datur.

87 2986 98 3018 ³
147 2995 295 3062 Haereat
315 2996 506 3084 inguinibus
530 2998 639 3082 potius
662 3001 731 3062 tam
754 2998 852 3062 noxia
875 2998 1000 3086 lingua:

181 3083 282 3152 ‘Nam
306 3107 379 3151 eum
402 3085 545 3172 falleret,
568 3086 681 3174 purior
704 3087 763 3150 illa
786 3086 858 3154 luit.
1043 3091 1045 3094 ’

447 3267 448 3271 =
565 3225 667 3292 LXII.

147 3334 246 3413 Quod
264 3338 391 3420 peetus,
410 3335 496 3423 quod
516 3357 611 3403 crura
629 3333 704 3419 tibi,
723 3335 809 3419 quod
828 3335 1092 3422 brachiavellis,

194 3423 288 3500 Quod
311 3425 418 3492 einata
441 3427 493 3490 est
516 3423 668 3491 brevibus
693 3424 840 3489 mentula
862 3429 959 3491 tonsa
981 3426 1072 3512 pilis:

145 3511 223 3579 Hae
236 3519 396 3598 praestas,
411 3512 562 3598 Labiene,
577 3517 705 3578 tuae-
738 3513 789 3577 uis
802 3514 929 3579 nescit?
938 3551 981 3562 -
993 3516 1124 3582 amicae.

194 3600 257 3668 Cui
279 3606 444 3689 praestas,
466 3603 576 3669 eulum
599 3600 698 3687 quod,
717 3535 879 3686 labieno,
901 3602 1012 3689 pilus?
