2596 4032
196 199 264 266 300
467 235 472 246 .
531 199 569 256 u.
587 197 670 258 vnn.
687 196 886 288 noemma

657 361 756 428 dxv.
791 347 828 415 ν’
961 346 965 352 ’

241 465 401 535 Formosa
421 467 549 554 Phyllis
572 473 668 536 nocte
691 490 765 535 oum
788 467 869 534 mihi
891 472 964 535 tota

243 555 286 624 Se
308 557 530 643 praestitisset
553 559 705 624 omnibus
728 557 834 623 modis
859 558 999 643 largam,

241 645 289 711 Ilt
311 646 493 732 cogitarem
515 669 610 712 mane
634 646 720 732 qnod
744 645 854 712 darem
877 668 1008 731 munus,

232 733 405 812 ‚Utrumne
427 733 552 822 cosmi,
576 735 738 802 Nicerotis
762 757 803 800 an
826 733 959 819 libram,

216 822 298 888 oAn
320 822 526 891 Baeticarum
549 825 675 910 pondus
700 845 773 890 acre
795 822 959 907 lanarum,

242 910 296 976 An
319 911 358 978 de
382 917 514 979 moneta
538 911 684 979 Caesaris
709 913 818 978 decem
841 912 959 978 flavos:
1036 979 1038 982 .

243 997 405 1084 Amplexa
427 1001 548 1068 collum
570 1002 727 1087 basioque
750 1005 820 1066 tam
843 1001 943 1088 longo

242 1085 409 1174 Blandita,
433 1111 531 1175 quem
555 1095 631 1155 sunt
653 1089 788 1176 nuptiae
813 1090 1052 1176 columbarum,

241 1175 371 1266 Rogare
394 1179 502 1266 eoepit
524 1178 653 1264 Phyllis
677 1179 868 1266 amphoram
894 1178 968 1246 vini.
1007 1256 1008 1260 Ἰ

649 1317 765 1386 LXVI.

242 1423 299 1490 Bis
323 1423 561 1511 quinquagenis
584 1425 699 1490 domus
724 1425 858 1491 esttibi
880 1425 1014 1492 milibus
1038 1431 1166 1513 empta,
1286 1487 1287 1492 ,

285 1510 434 1578 Vendere
458 1534 557 1598 quam
581 1535 708 1579 summa
730 1514 782 1580 vel
805 1515 953 1581 breviore
977 1515 1076 1601 cupis.
1286 1515 1287 1518 ’

241 1601 323 1667 Arte
347 1601 403 1667 sed
426 1606 606 1688 emptorem
628 1601 723 1668 vafra
746 1605 941 1690 corrumpis,
963 1604 1122 1690 Amoene‚

236 1738 238 1742 -
286 1689 331 1755 Et
354 1711 430 1756 oasa
453 1690 576 1756 divitiis
601 1691 775 1757 ambitiosa
797 1691 888 1758 latet.

216 1777 455 1846 oGemmantes
478 1780 584 1866 prima
606 1779 736 1866 fulgent
758 1780 921 1846 testudine
945 1780 1034 1866 lecti,

71 1951 73 1955 Α
99 1947 100 1950 ¹
218 1950 221 1955 ,
287 1867 333 1933 Et
355 1866 550 1946 Maurusiaci
573 1869 718 1954 pondera
739 1891 815 1956 rara
838 1869 926 1952 citri3

138 1961 145 1981 ’·
198 1959 202 1972 ‘
241 1954 425 2042 ‘Argentum
440 1961 537 2044 atque
552 1979 665 2023 aurum
679 1979 746 2024 non
761 1957 898 2042 simplex
908 1955 1069 2044 Delphica
1085 1961 1224 2047 portat}

196 2049 200 2059 '
287 2043 385 2110 Stant
407 2047 512 2131 pueri,
536 2045 684 2111 dominos
708 2067 789 2132 quos
812 2067 925 2134 precer
948 2068 1018 2112 esse
1042 2069 1144 2113 meos.

200 2151 201 2154 ’
242 2131 367 2198 Deinde
391 2133 528 2199 ducenta
551 2156 662 2214 sonas,
685 2138 718 2200 et
742 2135 804 2218 ais,
826 2157 893 2201 non
916 2157 985 2201 esse
1009 2135 1157 2202 minoris.
1287 2131 1288 2142 ’

201 2237 233 2288 10
287 2219 484 2288 Instructam
508 2223 565 2288 vili
587 2223 714 2309 vendis,
737 2224 897 2310 Amoene,
920 2223 1061 2291 domum.

637 2381 771 2450 LXVII.

242 2485 349 2552 Maiae
371 2485 567 2554 Mercurium
590 2491 724 2554 creastis
746 2489 838 2576 Idus,

195 2619 209 2640 .-
242 2575 401 2662 Augustis
424 2577 509 2641 redit
531 2577 642 2642 [dibus
665 2577 785 2659 Diana,
882 2635 885 2644 .

243 2662 401 2730 Octobres
424 2664 516 2732 Maro
539 2669 741 2733 consecravit
762 2667 849 2734 Idus.

241 2751 318 2818 ldus
342 2775 437 2838 saepe
461 2754 549 2819 colas
573 2760 606 2820 et
629 2756 688 2820 has
713 2760 745 2823 et
766 2757 856 2840 illas,

104 2850 110 2856 “
216 2839 307 2919 oQui
328 2842 440 2929 magni
463 2843 608 2908 celebras
631 2845 775 2912 Maronis
797 2843 884 2911 Idus.

159 2924 177 2961 ⁸
630 3001 779 3072 LXVIII.

241 3105 404 3174 Matutine
427 3108 540 3191 cliens,
563 3110 654 3175 urbis
679 3111 760 3196 mihi
783 3135 882 3179 causa
904 3113 1051 3200 relictae,

287 3197 396 3282 Atria,
419 3197 448 3263 si
471 3198 593 3283 sapias,
617 3199 792 3267 ambitiosa
814 3203 912 3269 colas.

240 3283 318 3351 Non
341 3309 414 3352 sum
437 3307 498 3373 ego
522 3287 716 3370 causidicus,
738 3311 796 3356 neo
820 3293 939 3358 amaris
963 3293 1078 3360 litibus
1101 3299 1216 3381 aptus,

286 3373 349 3441 Sed
372 3377 467 3463 piger
490 3379 523 3440 et
546 3377 654 3441 senior
677 3377 905 3468 Pieridumque
929 3403 1051 3466 comes;

216 3461 318 3529 50tia
341 3487 392 3529 me
416 3487 611 3550 somnusque
633 3466 760 3548 iuvant,
785 3493 867 3556 quae
890 3491 1012 3558 magna
1033 3473 1169 3560 negavit

285 3550 392 3616 Roma
415 3552 509 3617 mihi:
533 3554 643 3639 redeo,
666 3557 694 3620 si
717 3559 875 3646 vigilatur
897 3565 931 3626 et
952 3560 1015 3627 hic.
