2596 4034
351 185 652 244 EPIGRAMMATON
670 187 739 244 LIB.
760 189 806 248 IX.
1022 193 1086 259 207

87 347 219 416 5Verbe.
243 350 334 416 ducis
358 349 439 416 Deci
463 351 586 418 chartis
611 352 765 418 mundate
789 353 953 440 resignas,

150 437 331 505 Victricem
355 441 483 505 laurum
507 463 604 526 quam
629 443 717 508 venit
741 447 816 508 ante
841 443 944 527 vides,

109 526 192 611 Seis,
216 529 369 613 quotiens
394 528 513 594 Phario
538 531 668 596 madeat
690 531 768 598 Iove
792 533 884 599 fusce
907 531 1027 619 Syene,

153 616 238 699 Seis,
263 623 366 703 quote
389 618 428 683 de
452 617 574 704 Libyco
598 620 694 686 litore
717 622 837 706 puppis
862 627 928 708 eat,

110 703 209 771 Cuius
233 705 345 773 Iuleae
369 708 468 792 cupiti
491 713 668 776 nascantur
691 711 814 794 olivae,

69 809 99 856 10
152 794 308 861 Destinet
331 795 497 862 aetherius
521 798 655 864 enisus
679 804 766 864 serta
789 802 892 885 pater.

109 882 201 950 Tolle
225 889 300 950 tuus
324 889 427 970 ertes3
450 885 546 953 hodie
569 886 701 953 cenabis
726 888 812 973 apud
836 909 888 954 me

153 972 224 1040 Hae
248 974 334 1061 lege,
358 978 396 1039 ut
418 995 532 1040 narres
555 975 614 1058 nil,
639 975 842 1064 Philomuse,
865 977 950 1045 novi.

499 1107 651 1174 xxxvl,
685 1103 732 1164 tf*

110 1202 247 1270 Viderat
270 1202 453 1272 Ausonium
478 1206 586 1291 posito
606 1205 701 1271 modo
725 1206 814 1272 crine
838 1207 1032 1296 ministrum,
1062 1193 1072 1282 l

153 1291 265 1378 Phryx
288 1316 383 1380 puer,
405 1295 543 1360 alterius
568 1294 688 1381 gaudis
710 1299 790 1360 note
811 1294 913 1372 Iovis:
1057 1311 1065 1390 l

109 1380 221 1464 „Quod
244 1387 335 1467 tuus,
359 1404 445 1468 ecee,
469 1405 529 1448 suo
553 1382 673 1448 Caesar
695 1385 847 1469 permisit
870 1383 1010 1471 ephebo,
1059 1409 1066 1480 p

127 1469 201 1536 'Tu
224 1475 380 1557 permitte
403 1477 475 1554 tuo,
498 1473 640 1538 maxime
663 1471 789 1538 rector“
812 1475 874 1558 ait3
1061 1487 1067 1574 ;

84 1557 199 1643 5„Iam
222 1562 304 1626 mihi
326 1562 435 1646 prims
458 1562 541 1626 latet
565 1561 672 1648 longis
696 1563 818 1648 lanugo
843 1562 983 1647 capillis,
1058 1577 1066 1652 ,t

152 1648 223 1714 Iam
247 1653 305 1715 tue
328 1673 379 1714 me
402 1649 489 1714 ridet
511 1649 592 1716 Iuno
615 1655 774 1734 vocatque
797 1650 931 1716 virum.“
1056 1653 1063 1758 l

108 1735 167 1803 Cui
190 1743 285 1824 pater
308 1737 475 1804 aetherius
498 1737 602 1822 „Puer
625 1761 644 1806 0
668 1739 885 1824 dulcissime,“
908 1739 1001 1825 dixit,
1056 1760 1063 1836 g

151 1825 246 1912 „Non
271 1849 345 1914 egn,
369 1827 456 1914 quod
480 1829 601 1913 posuis,
625 1849 676 1893 res
699 1835 800 1914 negat
821 1829 896 1914 ipse
917 1829 992 1893 tibi:
1057 1837 1065 1910 ξ

108 1913 228 1981 Caesar
250 1915 352 1982 habet
373 1920 488 1982 noster
511 1916 633 1981 similes
657 1917 719 1982 tibi
741 1917 832 1982 mille
854 1915 1022 1982 ministros
1060 1913 1067 1992 i

68 2022 96 2068 10
152 2003 323 2090 'lentaque
347 2005 491 2070 sidereos
515 2005 570 2070 vix
593 2005 681 2089 capit
705 2005 779 2070 aule
802 2027 923 2091 mares3
1060 1998 1067 2048 l

107 2093 153 2160 At
175 2094 237 2158 tibi
262 2093 290 2158 si
314 2093 439 2158 dederit
461 2094 570 2158 uultus
595 2116 688 2160 coma
712 2099 808 2160 tonsa
830 2094 956 2178 virileS,
1060 2057 1070 2164 l

151 2179 230 2257 Quis
254 2182 350 2268 mihi,
374 2182 430 2268 qui
452 2187 565 2248 nectar
587 2183 736 2267 misceat,
760 2184 843 2249 ulter
867 2181 972 2250 erit?“
1066 2191 1080 2290 t

490 2323 657 2390 XXXVII.

108 2419 188 2488 (lum
211 2423 257 2488 sis
280 2423 354 2508 ipse
377 2421 465 2488 domi
488 2421 659 2506 mediaque
683 2443 797 2487 ornere
820 2419 964 2509 Subura,

150 2509 249 2577 Fiant
273 2512 424 2577 absentes
449 2515 482 2576 et
504 2511 579 2590 tibi,
605 2509 714 2596 Gella,
738 2532 863 2596 comae,

106 2600 174 2666 Nee
196 2601 310 2666 dentes
334 2601 428 2666 aliter
452 2621 549 2685 quam
574 2597 684 2664 Series
706 2603 801 2664 noete
825 2621 978 2684 reponas,

30 2727 31 2760 i
150 2689 195 2755 Et
217 2691 324 2754 iaceas
348 2692 479 2754 uentum
502 2688 634 2754 condita
657 2687 844 2774 pyxidibus,

30 2761 32 2862 l
81 2779 176 2846 5Nee
199 2783 310 2844 teeum
332 2777 432 2842 facies
456 2780 514 2841 tus
537 2776 691 2861 dormint,
714 2777 823 2840 innuis
844 2775 919 2861 illu,

30 2863 31 2928 l
152 2867 245 2946 Quod
268 2867 330 2932 tibi
353 2867 520 2952 prolatum
545 2869 594 2930 est
618 2887 734 2954 mune,
751 2863 939 2950 supercilit),

30 2967 31 3030 t
106 2957 150 3022 Et
172 2962 206 3022 te
229 2957 320 3021 nulla
344 2959 455 3022 movet
477 2955 551 3020 cani
573 2953 755 3019 reverentie
778 2953 890 3032 cunni,

151 3045 253 3122 Quem
276 3049 371 3130 potes
394 3045 480 3110 inter
503 3066 582 3114 avos
606 3045 671 3108 iam
694 3064 865 3106 numerare
887 3045 974 3108 tuos.

105 3135 277 3200 Promittis
302 3139 451 3200 sescenta
473 3137 599 3217 tamem
621 3132 678 3198 sed
701 3131 847 3196 mentula
871 3131 969 3196 surda
992 3135 1055 3216 est,

66 3244 94 3293 10
150 3223 195 3290 Et
218 3223 262 3288 sit
284 3223 375 3290 lusus
398 3223 490 3306 lieet,
514 3226 547 3287 te
571 3226 682 3286 tamen
704 3219 764 3285 illa
788 3218 883 3285 videt.

479 3363 663 3436 XXXVIII.

105 3463 239 3531 Summa
262 3463 339 3528 lieet
362 3463 471 3547 uelox,
494 3461 673 3550 Agathine,
697 3459 841 3546 pericula
863 3459 970 3546 ludas,

148 3551 224 3619 Non
247 3557 358 3618 temen
381 3551 516 3636 efficies,
538 3557 576 3616 ut
598 3550 661 3617 tibi
684 3548 927 3634 parmaneat.
