2596 4032
385 191 682 250 uaeasuuuucu
702 193 770 250 ma
789 194 863 251 x1v.
1064 203 1130 270 343

408 353 551 423 CCXIV.
573 355 673 424 Pueri
694 359 835 426 comoedi.
963 369 965 374 '

153 449 232 516 Nou
255 453 317 517 erit
340 453 374 518 in
397 452 496 517 turba
520 453 690 540 quisquam
715 457 933 542 Μισούμενος
955 457 1033 524 ista:

155 577 157 580 <
201 539 409 627 scuposas
433 543 540 628 quivis
564 565 635 610 esse
659 541 724 622 Δὶς
747 544 926 624 ἐξαπατῶν.

556 683 683 752 Fibula

155 777 216 844 Dic
240 779 322 846 mihi
346 781 553 867 simpliciter,
576 783 739 849 comoedis
764 787 797 850 et
820 784 1030 869 citharoedis,

57 899 60 903 ·
199 866 331 955 Fibula,
355 869 433 957 quid
455 871 627 959 praestas?
662 871 797 957 „Carius
820 878 858 938 ut
879 873 1038 940 futuaut.“

454 1010 598 1078 ccxvi.
620 1015 785 1096 saepae.

154 1107 281 1174 Praedo
305 1107 370 1174 fuit
394 1109 577 1176 volucrum:
601 1111 744 1176 famulus
764 1133 849 1176 nunc
868 1111 1011 1197 aucupis„
1024 1111 1109 1178 idem

199 1195 332 1282 Decipit
355 1201 389 1263 et
412 1203 524 1282 captas
548 1220 614 1264 non
637 1200 701 1265 sibi
725 1205 849 1264 maeret
871 1222 956 1265 aves.

270 1337 397 1406 Cakemi
418 1341 615 1424 caemeterii
636 1339 830 1427 (CCXVIII.
853 1339 973 1425 Schu).

34 1433 35 1436 ’
151 1433 232 1501 Non
254 1439 384 1502 tantum
408 1437 556 1521 calamis,
581 1437 636 1502 sed
660 1443 757 1503 cantu
781 1437 909 1504 fallitur
933 1439 1014 1523 ales,

200 1523 329 1590 Callida
352 1525 430 1591 dum
452 1526 556 1590 tacita
580 1527 697 1592 crescit
721 1527 868 1594 harundo
892 1549 1000 1593 manu.

258 1665 436 1735 CCXVIII.
459 1663 635 1754 (CCXVII.
659 1665 779 1755 Saba).
805 1668 982 1736 Obsonator.

153 1763 217 1830 Dic
240 1769 359 1850 quotus
382 1769 416 1830 et
439 1765 555 1852 quanti
579 1766 690 1850 cupias
715 1788 844 1850 cenare,
867 1789 927 1832 uec
950 1787 1051 1832 unum

88 1922 90 1926 Α
150 1923 153 1927 ,
200 1853 375 1931 Addideris
397 1855 548 1939 verbum:
572 1876 653 1920 cena
675 1859 792 1940 parata
814 1855 877 1920 tibi
898 1859 960 1920 est.

503 1994 565 2062 Cor
587 1994 742 2060 bubulum.

153 2092 284 2178 Pauper
308 2092 489 2159 causidicus
511 2092 622 2158 nullos
646 2092 820 2158 referentia
841 2085 993 2158 nummus

200 2179 355 2248 Carmina
379 2204 452 2248 cum
477 2181 617 2266 scribas,
641 2183 749 2267 accipe
773 2203 842 2265 cor,
867 2179 954 2266 quod
977 2178 1088 2245 habes.

411 2300 413 2303 Ι
493 2319 618 2390 CCXX
642 2321 747 2389 Cocus.

152 2420 231 2488 Non
255 2421 336 2486 satIs
359 2424 410 2486 est
434 2442 487 2486 ars
511 2420 582 2485 sola
605 2441 697 2487 coco:
721 2418 841 2484 servire
864 2417 1013 2502 palatum

199 2509 300 2576 Nolo:
324 2531 419 2576 cocus
443 2509 687 2576 domini-debet
710 2507 830 2574 habere
854 2505 975 2592 gulam.

419 2648 579 2717 Craticula
601 2671 671 2714 cura
692 2648 820 2714 caccus.

154 2750 244 2816 Rara
267 2748 329 2814 tibi
353 2768 453 2814 curva
475 2747 633 2812 craticula
656 2746 750 2810 sudet
773 2743 885 2828 ofella3

201 2837 360 2926 Spumeus
383 2838 418 2902 in
440 2836 541 2922 longa
562 2834 695 2919 cuspide
718 2835 823 2898 fumet
846 2853 932 2917 aper.
1010 2865 1011 2868 ¹

313 2997 317 3004 ·
375 2975 533 3044 CCXXII.
557 2975 663 3042 Pistor
685 2974 865 3040 dulciariis.

54 3132 56 3134 .
91 3146 94 3151 ,
154 3077 248 3142 Mille
272 3077 335 3142 tibi
358 3075 467 3142 dulces
492 3095 626 3159 operum
651 3094 764 3137 manus
787 3071 853 3135 ista
875 3069 999 3156 figuras
1027 3042 1031 3060 Ι

199 3164 354 3231 Extruet:
381 3164 456 3230 huic
480 3165 536 3228 uni
559 3183 658 3247 parca
682 3161 812 3226 laborat
835 3159 915 3243 apis.

546 3303 696 3386 Adipata.

155 3403 302 3490 Surgite:
326 3403 393 3470 iam
415 3401 527 3466 vendit
549 3401 657 3486 pueris
681 3398 846 3464 ientacula
867 3396 974 3482 pistor

200 3491 428 3577 Cristataeque
452 3495 573 3556 sonant
595 3490 736 3574 undique
760 3485 842 3552 lucis
865 3508 950 3554 aves.

541 3625 701 3634 -ιη--ι--ιιο
