2568 4040
362 237 478 294 INDEX
496 237 802 296 EPIGRAMMATON.
1023 243 1089 310 349
1176 299 1178 303 ,

77 393 122 450 Cui
139 393 248 463 tradas,
267 393 354 468 Lupe,
373 395 463 451 filium
481 397 620 469 magistro
657 441 914 457 ........
991 401 1026 468 V,
1046 407 1120 456 aa·

76 466 156 522 Cuius
175 466 221 521 vis
240 465 311 532 fieri,
330 467 437 537 libelle,
456 487 558 524 munus
587 513 771 528 ......
787 495 807 527 ·.
837 515 842 528 .
872 515 878 528 .
908 513 915 528 .
996 471 1087 542 111‚s.

76 537 140 592 Cum
157 537 379 594 cathedralicios
397 543 493 610 portet
511 540 566 595 tibi
584 541 672 596 raeda
689 540 834 596 ministros
872 585 878 598 .
908 585 915 599 .
992 541 1027 612 X,
1047 549 1088 598 13,

77 609 140 664 Cum
158 610 289 665 clamant
307 627 412 678 omnes,
430 611 554 680 loqueris
573 615 649 680 tunc,
668 612 803 682 Naevcle,
822 613 911 670 solus.
1003 613 1024 681 Ι,
1045 619 1088 669 97.

76 679 140 735 Cum
157 681 269 736 coleret
306 698 372 738 uros
389 699 498 753 pauper
516 683 663 738 Telesinus
682 683 807 740 amicos.
837 729 842 740 .
872 728 878 741 .
907 727 913 742 .
978 684 1026 754 VI,
1045 684 1123 740 50!

77 750 141 806 Cum
158 769 255 808 eomes
330 752 386 807 tois
404 753 535 810 haereret
553 753 680 810 Caesaris
700 753 806 810 armis.
836 798 843 812 .
872 798 878 812 .
908 798 914 812 .
978 755 1024 825 IX,
1044 761 1088 812 31.

77 821 140 878 Cum
158 824 228 878 dare
247 840 304 878 non
321 823 429 894 possim
447 825 524 894 quod
539 825 644 907 poscis,
659 825 751 892 Galle,
769 828 919 896 rogantem
976 827 1023 895 ΙΙΙ,
1044 833 1127 882 54³¹·

77 893 140 948 Cum
157 895 230 949 data
249 894 308 949 sint
326 895 417 967 equiti
435 894 479 950 bis
498 914 585 966 quma
602 896 780 964 nomismata,
799 912 886 966 quara
905 939 912 955 .
1002 897 1023 968 I,
1044 904 1086 952 11.

78 965 141 1020 Cum
159 965 274 1021 dederis
294 965 404 1022 Siculos
422 967 533 1022 mediae
552 967 587 1023 de
606 967 725 1022 collibus
744 965 877 1037 Hyblae.
906 1011 912 1025 .
937 967 1076 1034 XIII,105

77 1034 141 1090 Cum
159 1037 313 1108 depilatae,
332 1036 458 1108 Chresto,
477 1038 572 1092 coleos
590 1041 686 1107 portes
693 1079 913 1096 .......
975 1039 1024 1108 IX,
1044 1045 1131 1094 hir·

78 1105 143 1162 Cum
161 1107 235 1162 dicis
254 1107 403 1179 „Propera
421 1108 467 1163 fac
487 1108 511 1162 si
529 1107 628 1175 facis,‘¹
646 1109 765 1178 Hedyle,
780 1107 913 1180 languet.
1004 1110 1025 1176 1,
1043 1115 1147 1164 ea·-

78 1176 140 1232 Cum
159 1177 220 1234 dixi
238 1179 317 1249 licus,
335 1178 410 1233 rides
429 1179 510 1250 quasi
528 1179 651 1234 barbara
668 1179 806 1236 nerbas.
836 1224 842 1237 .
871 1223 877 1236 .
906 1223 913 1238 .
1003 1181 1025 1248 Ι,
1045 1187 1086 1236 65.

77 1247 142 1303 Cum
160 1249 307 1306 dubitaret
325 1250 417 1306 adhuc
436 1249 505 1305 belli
523 1249 616 1304 civilis
634 1251 735 1322 Enyo.
764 1255 770 1307 ζ
801 1292 808 1306 .
836 1294 843 1308 .
872 1295 878 1307 .
907 1295 914 1308 .
978 1250 1025 1318 VI,
1044 1257 1086 1306 82.

77 1319 143 1374 Cum
161 1321 218 1376 duo
236 1321 382 1376 venissent
400 1321 437 1375 ad
456 1321 589 1392 Phyllida
605 1338 689 1376 mane
708 1322 833 1377 fututum
873 1365 879 1379 .
907 1365 914 1380 .
990 1322 1025 1390 X,
1044 1327 1120 1376 81!
1152 1319 1155 1326 “

31 1429 38 1450 .
78 1391 144 1447 Cum
161 1391 252 1446 facias
270 1409 368 1448 versus
386 1393 466 1447 nulla
482 1409 540 1447 non
557 1392 620 1446 luce
639 1392 761 1447 ducenos
798 1437 805 1450 .
834 1437 841 1449 .
870 1437 877 1450 .
905 1437 912 1452 .
951 1391 1025 1460 VIII,
1044 1398 1087 1447 20.

78 1462 142 1517 Cum
160 1462 264 1518 faciem
282 1464 376 1532 laudo,
396 1481 459 1518 cum
478 1463 564 1518 miror
582 1480 664 1518 amru
681 1479 837 1534 manusque
870 1507 877 1520 .
906 1509 912 1522 .
977 1464 1025 1531 ΙΙΙ,
1044 1469 1086 1520 51.

78 1532 143 1588 Cum
160 1535 242 1589 fieret
259 1535 350 1589 tristis
370 1533 513 1589 solvendis
533 1534 628 1589 auctio
646 1535 768 1590 nummis
800 1579 806 1592 .
834 1579 840 1591 .
870 1579 877 1590 .
907 1580 913 1592 .
951 1534 1024 1604 XIV,
1042 1541 1086 1590 ab.

78 1604 143 1659 Cum
161 1605 259 1675 futuis,
278 1605 470 1674 Polycharmo,
491 1605 564 1660 soles
582 1603 613 1658 in
631 1605 687 1660 line
705 1621 805 1660 cacare
829 1623 841 1672 ·,
872 1650 877 1663 .
906 1649 913 1662 .
977 1605 1025 1673 IX,
1044 1611 1135 1660 th*

77 1674 143 1730 Cum
160 1677 256 1746 gravis
276 1679 416 1732 extremas
434 1675 569 1732 Vestinus
588 1676 704 1731 duceret
721 1677 805 1732 horae
834 1721 840 1734 .
869 1720 875 1734 .
904 1721 911 1734 .
976 1676 1024 1743 lV,
1044 1682 1085 1730 73.

78 1747 143 1802 Cum
161 1747 294 1803 Iuvenale
312 1764 375 1803 meo
394 1763 466 1817 quae
484 1763 529 1802 me
548 1747 725 1802 committere
743 1750 868 1819 temptas
905 1791 912 1805 .
962 1747 1023 1816 VII,
1043 1752 1085 1801 ΙΙ.

77 1816 143 1872 Cum
160 1836 205 1873 me
224 1822 364 1890 captares,
382 1818 517 1873 mittebas
536 1835 654 1873 munera
670 1819 770 1877 nobis.
800 1864 806 1876 .
836 1863 841 1875 .
873 1863 879 1874 .
907 1862 913 1876 .
974 1817 1023 1886 IX,
1041 1821 1084 1872 88.

77 1887 143 1943 Cum
160 1907 205 1945 me
224 1890 293 1944 fieus
312 1891 380 1958 alat,
399 1907 463 1944 eum
481 1906 583 1959 pascar
600 1889 731 1944 dulcibus
749 1889 812 1945 uvis
907 1933 913 1947 .
949 1889 1023 1956 XIII,
1041 1895 1084 1943 49.

77 1961 145 2014 Cum
161 1977 206 2015 me
224 1961 298 2016 velle
316 1960 397 2016 vider
415 1963 590 2028 tentumque,
609 1959 787 2032 Telesphore,
807 1959 909 2018 sentis.
977 1960 1023 2029 XI,
1042 1965 1123 2016 58?

46 2079 48 2081 ,
77 2029 144 2086 Cum
159 2048 272 2087 mensas
291 2031 398 2086 habeat
416 2031 475 2088 lere
494 2033 634 2085 trecentas
657 2075 911 2089 ........
962 2031 1023 2100 VII,
1041 2036 1084 2086 48,

77 2100 144 2156 Cum
160 2101 232 2156 mihi
251 2102 340 2158 boleti
360 2102 491 2158 dederint
508 2103 568 2155 tam
587 2101 682 2156 nobile
701 2119 804 2157 nomen
835 2147 842 2159 .
872 2147 877 2158 .
907 2147 913 2158 .
936 2101 1085 2168 XlV,101.

77 2171 143 2228 Cum
159 2173 253 2229 mittis
272 2174 421 2228 turdumve
440 2172 510 2227 mihi
528 2173 700 2243 quadramve
717 2175 867 2244 placentae
905 2217 911 2230 .
975 2171 1023 2240 VI,
1042 2179 1085 2227 75.

77 2242 142 2299 Cum
160 2248 272 2316 peteret
290 2245 386 2300 dulces
405 2244 497 2298 audax
515 2243 658 2298 Leandros
678 2261 804 2303 amores.
832 2289 838 2301 .
868 2287 884 2312 .,
904 2287 910 2300 .
935 2245 989 2314 Ep.
1005 2241 1126 2309 lab?

78 2315 143 2370 Cum
155 2319 269 2388 peteret
277 2333 344 2387 pars
353 2316 423 2370 haee
432 2314 582 2386 Myrinum,
591 2331 657 2386 pars
672 2315 723 2369 illa
731 2315 915 2386 Triumphum
969 2315 1024 2384 Ep.
1042 2317 1086 2367 20.

79 2385 145 2442 Cum
160 2391 274 2458 peteret
291 2387 403 2460 patriae
420 2385 561 2441 missicius
581 2405 649 2442 arva
666 2387 842 2445 Ravennae.
871 2432 877 2444 .
907 2430 913 2443 .
975 2385 1023 2454 ΙΙΙ,
1043 2390 1085 2440 91.

78 2456 144 2512 Cum
160 2463 273 2530 peteret
290 2475 395 2529 regem,
414 2457 534 2528 decepta
553 2457 678 2513 satellite
697 2458 798 2514 dextra
834 2501 840 2515 .
869 2503 875 2514 .
905 2501 911 2514 .
1002 2456 1024 2524 1,
1042 2461 1085 2510 21.

79 2528 143 2584 Cum
160 2533 274 2600 peteret
292 2545 384 2584 seram
402 2528 497 2583 media
514 2528 572 2582 iam
591 2532 674 2583 nocte
691 2531 838 2585 martellam
870 2573 876 2586 .
904 2573 911 2586 .
977 2527 1024 2594 VI,
1042 2531 1085 2582 89.

77 2598 142 2654 Cum
158 2601 275 2672 pinguis
293 2600 365 2654 mihi
382 2601 476 2653 turtur
495 2598 558 2666 erit,
576 2599 689 2654 lactuca
706 2600 814 2656 valebis
905 2643 911 2657 .
948 2597 1023 2664 XIII,
1043 2603 1085 2652 5³.

78 2669 143 2726 Cum
159 2673 274 2742 placeat
290 2671 419 2726 Phileros
437 2673 501 2725 tota
518 2669 573 2724 tibi
592 2669 658 2724 dote
676 2671 839 2741 redemptus
870 2714 877 2727 .
906 2715 912 2728 .
989 2669 1023 2736 ΙΙ,
1043 2675 1085 2724 34.

77 2739 142 2796 Cum
159 2743 271 2813 pluvias
290 2741 492 2809 madidumque
511 2741 606 2795 lovem
623 2742 747 2811 perferre
765 2743 883 2812 negaret
903 2785 910 2798 .
960 2739 1022 2808 VII,
1041 2745 1084 2794 36.

78 2810 142 2867 Cum
158 2817 242 2884 potes
260 2813 468 2884 amethystinos
486 2811 604 2866 trientes
619 2855 909 2869 .........
988 2810 1021 2878 X,
1041 2815 1084 2864 49.

78 2883 144 2938 Cum
152 2902 222 2956 rogo
232 2888 261 2940 te
270 2902 400 2940 nummos
411 2883 471 2938 sine
481 2883 510 2953 pi
532 2899 608 2950 nore,
619 2899 694 2952 „non
702 2882 821 2952 habeo,“
831 2882 925 2952 inquis
946 2881 1022 2949 -XII,
1041 2886 1085 2936 25.
1113 2887 1115 2892 '

77 2951 142 3009 Cum
160 2955 296 3012 Saxetani
314 2957 437 3026 ponatur
455 2900 547 3008 caula
564 2953 665 3008 lacerti
693 2997 912 3011 .......
961 2953 1022 3020 VIl,
1043 2957 1085 3006 78.

77 3023 142 3080 Cum
161 3043 227 3083 sene
242 3043 420 3083 communem
434 3028 519 3080 vexat
537 3024 626 3094 sprado
639 3023 796 3094 Dindymus
810 3025 918 3095 Aeglen
975 3024 1022 3092 XI,
1041 3025 1123 3078 817

76 3095 142 3151 Cum
161 3097 312 3168 sexaginta
329 3099 459 3152 numeret
477 3094 631 3151 Cascellius
650 3111 767 3152 annos.
796 3140 803 3152 .
831 3132 839 3154 -.
868 3139 876 3152 .
904 3140 910 3154 .
979 3094 1040 3162 VII,
1059 3101 1084 3150 9.

76 3165 141 3222 Cum
160 3169 219 3224 sint
237 3185 320 3224 crura
338 3168 401 3238 tibi,
421 3167 557 3222 slmulent
574 3183 647 3236 quae
666 3183 772 3221 cornua
789 3166 873 3222 lunae
905 3211 912 3223 .
988 3165 1021 3233 ΙΙ,
1041 3171 1084 3221 ³5.

75 3236 140 3294 Cum
160 3241 200 3296 sis
219 3240 283 3311 ipsa
303 3238 381 3294 domi
398 3239 548 3309 mediaque
567 3255 665 3294 ornere
684 3237 795 3293 Subura
832 3282 839 3295 .
868 3282 875 3296 .
904 3281 911 3295 .
975 3236 1022 3304 IX,
1041 3241 1084 3291 at.

75 3307 140 3366 Cum
160 3311 199 3366 sis
218 3328 271 3367 nec
290 3311 385 3382 rigida
403 3310 554 3365 Fabiorum
573 3312 658 3380 gente
677 3312 806 3366 creatus.
835 3353 841 3365 .
870 3353 876 3366 .
906 3351 912 3364 .
975 3309 1023 3376 Vl,
1042 3315 1085 3363 64,

76 3378 142 3436 Cum
160 3383 200 3439 sis
219 3387 281 3438 tam
298 3399 415 3454 pauper,
436 3398 521 3452 quam
539 3397 591 3436 nec
610 3379 782 3436 miserabilis
800 3380 877 3438 Iros.
906 3423 912 3436 .
974 3379 1022 3448 VI,
1042 3385 1084 3434 77.

76 3449 142 3508 Cum
161 3454 200 3510 sit
219 3472 289 3510 anns
309 3453 430 3510 coniunx
450 3455 480 3508 et
499 3453 556 3508 sint
574 3452 628 3509 tibi
647 3455 760 3508 mortua
776 3451 903 3507 membra
949 3451 1022 3520 XIII,
1041 3458 1116 3506 34.-

75 3519 141 3579 Cnm
159 3526 222 3581 sitis
242 3525 350 3581 similes
369 3541 508 3596 paresque
526 3523 588 3579 vita
618 3567 908 3582 .........
949 3523 1023 3591 ΙΙΙΙΙ,
1041 3529 1085 3578 35.

76 3591 142 3651 Cum
161 3596 276 3654 steterit
292 3597 388 3652 nullus
407 3597 490 3653 vultu
507 3595 562 3652 tibi
580 3595 656 3651 talus
676 3595 804 3651 eodem.
835 3639 841 3652 .
870 3639 877 3652 .
906 3639 912 3653 .
949 3593 1023 3664 XIV,
1045 3601 1084 3649 14.
