2596 4034
170 165 236 233 164
498 107 854 220 uvanmnmns

188 327 261 394 sut
284 325 382 392 Gallo
405 324 558 410 Titioque
581 320 774 408 Caesioque,

213 415 333 504 Linges
356 437 422 482 uon
445 413 526 479 mihi
546 448 586 460 —-
606 431 684 476 nam
706 410 812 496 proba
835 412 868 474 et
885 405 1008 496 pusilla
1027 409 1078 472 est
1101 442 1158 490 -‚
1221 421 1226 430 ·

216 503 280 571 Sed
303 525 385 590 quae
408 501 448 568 de
472 499 617 587 Solymis
639 499 729 565 veuit
751 498 892 584 perustis

214 593 412 660 Damnatam
436 591 531 657 modo
555 588 735 655 mentulam
758 586 902 653 tributis.

636 745 722 814 avr.
753 707 795 790 *f

215 859 315 925 Astra
337 855 513 943 polumque
536 854 592 940 pia
615 853 730 938 cepisti
753 855 875 937 mente,
897 851 1026 936 Rabiri,

259 945 470 1012 Parrhasiam
494 945 577 1010 mira
601 943 657 1028 qui
680 941 781 1007 struis
805 945 875 1006 arta
898 941 1039 1008 domum.

215 1033 371 1101 Phidiaco
395 1033 424 1099 si
447 1033 547 1120 digua
569 1031 640 1098 Iovi
664 1031 741 1098 dare
764 1030 887 1116 templa
908 1031 1055 1116 parabit,

259 1123 330 1190 Has
352 1124 443 1209 petet
466 1145 486 1188 a
507 1124 621 1188 nostro
643 1119 723 1186 Pisa
744 1118 891 1226 Tonante
914 1141 1039 1186 manus.

614 1279 728 1348 nvn.
744 1225 813 1324 vs

216 1386 355 1454 Castora
378 1358 421 1452 de
439 1387 574 1454 Polluce
598 1384 738 1452 Gabinia
761 1383 839 1450 fecit
863 1385 1052 1452 Achillam·

262 1475 336 1556 Πὺξ
359 1475 487 1561 ἀγαθὸς
508 1476 631 1559 iuerat,
653 1495 739 1540 nunc
762 1475 824 1539 erit
848 1473 1041 1559 ἱππόδαμος.

619 1631 738 1699 svin..
767 1619 822 1718 *s

218 1740 289 1807 Iam
313 1763 369 1808 sex
393 1743 450 1807 aut
473 1745 599 1825 septem
621 1739 777 1826 nupsisti,
800 1737 910 1824 Galla,
933 1739 1090 1824 cinaedis,

261 1829 349 1896 Dum
372 1851 465 1896 coma
487 1833 520 1894 te
544 1829 679 1895 nimium
702 1850 849 1914 pexaque
872 1829 975 1894 barba
998 1829 1100 1896 iuvat.

217 1918 343 1985 Deinde
367 1921 500 2006 experta
523 1918 609 1982 latus
633 1917 826 2002 madidoque
850 1917 1018 1983 simillima
1041 1917 1115 1986 loro

263 2006 405 2094 Inguina
427 2028 486 2072 nec
509 2006 597 2071 lassa
620 2004 707 2071 stare
731 2009 843 2072 coacte
866 2029 979 2092 manu,

192 2093 350 2163 tDeseris
373 2095 521 2160 imbelles
545 2094 710 2160 thalamos
734 2095 931 2181 mollemque
955 2097 1126 2180 maritum3

262 2184 388 2250 Rursus
411 2187 444 2248 et
466 2185 501 2248 in
524 2182 649 2248 similes
672 2183 792 2248 decidis
815 2206 917 2270 usqne
940 2188 1039 2250 toros.

220 2273 345 2350 Quaere
360 2271 500 2356 aliquem
514 2269 629 2337 Curios
644 2293 770 2356 semper
784 2270 969 2358 Fabiosque
987 2273 1202 2364 loquentem,

167 2377 169 2380 ·
262 2360 435 2426 Hirsutum
458 2364 491 2426 et
515 2360 596 2426 dura
618 2361 803 2428 rusticitate
826 2364 965 2428 trucem:

218 2449 383 2516 Invenies:
406 2449 463 2514 sed
485 2449 586 2514 habet
608 2449 713 2514 tristis
733 2471 861 2534 quoque
884 2450 984 2516 turba
1006 2451 1175 2522 cinaedos.

176 2557 209 2605 ιο
263 2538 405 2605 Difficile
429 2540 479 2602 est
505 2560 579 2603 vero
601 2537 737 2622 nubere,
761 2535 870 2622 Galla,
894 2539 973 2606 viro.

638 2695 723 2762 uix„
756 2664 806 2759 vs
929 2703 930 2706 ‘

218 2770 296 2870 Non
318 2805 414 2870 cenat
437 2803 506 2868 sine
530 2825 609 2888 apro
632 2806 758 2888 noster,
780 2803 867 2889 Tite,
889 2803 1104 2876 Caecilianus.

262 2890 393 2958 Bellum
416 2891 586 2958 convivam
610 2889 812 2958 Caecilianus
836 2893 945 2960 habet.

646 3025 762 3117 LK(

220 3159 378 3243 Tarpeiae
401 3158 583 3224 venerande
606 3163 713 3224 rector
736 3160 841 3244 sulae,

220 3246 323 3322 Quem
347 3247 437 3312 salvo
461 3247 541 3314 duce
564 3247 723 3313 credimus
747 3248 942 3336 Tonantem,

222 3332 304 3398 Cum
327 3334 413 3400 votis
437 3336 501 3400 sibi
523 3335 659 3420 quisque
681 3341 714 3402 te
737 3336 857 3424 fatiget

172 3458 174 3462 ·
219 3421 266 3486 Et
287 3425 401 3505 poscat
424 3422 514 3506 dare,
537 3445 620 3508 quae
643 3425 694 3490 dei
717 3427 871 3510 potestis:

194 3507 278 3573 sNil
301 3531 361 3594 pro
384 3531 435 3574 me
458 3511 553 3597 mihi,
576 3513 737 3598 luppiter,
759 3516 885 3600 petenti
