2596 4032
398 880 446 954 M.
475 878 581 955 VAL.
609 877 873 954 MARTIALIS

238 1197 245 1202 .
302 1053 963 1154 urrannrrrrnrou

509 1243 647 1312 LIBER
669 1243 758 1312 XIV.

471 1423 798 1506 Apophoreta.

621 1597 646 1666 I.

169 1706 385 1791 Synthesibus
410 1703 486 1770 dum
510 1704 632 1792 gaudet
655 1727 753 1794 eques
773 1705 985 1791 dominusque
1007 1711 1142 1772 senator

214 1794 364 1880 Dumque
387 1795 502 1860 decent
523 1799 673 1860 nostrum
696 1795 798 1881 pillea
821 1798 953 1880 sumpta
974 1794 1101 1880 Iovem3

170 1883 240 1950 Nee
262 1885 358 1950 timet
381 1883 517 1948 aedilem
541 1887 633 1950 moto
657 1887 803 1968 spectare
826 1883 959 1970 fritillo,

215 1970 296 2038 Cum
319 1971 429 2036 videat
451 1971 577 2059 gelidos
600 1975 669 2037 tam
692 1995 794 2058 prope
817 1993 917 2038 uerna
939 1971 1041 2037 lacus:

140 2059 290 2125 aDivitis
314 2060 458 2125 alternas
482 2064 515 2124 et
538 2061 690 2146 pauperis
715 2061 825 2146 accipe
848 2064 967 2126 sortes:
1082 2063 1086 2068 ’

214 2147 364 2214 Praemia
387 2149 541 2214 convivae
565 2149 643 2214 dent
666 2172 725 2215 sua
748 2150 885 2235 quisque
908 2171 977 2216 sue.

167 2236 272 2322 „Sunt
295 2237 411 2322 apinae
434 2237 598 2322 tricaeque
622 2239 707 2304 etsi
730 2239 807 2324 quid
830 2239 928 2304 vilius
950 2237 1053 2302 istis.“

215 2326 296 2403 Quis
319 2325 448 2392 nescit?
471 2326 524 2392 vel
548 2327 621 2412 quis
644 2332 713 2394 tam
737 2327 910 2394 manifesta
932 2327 1055 2414 negat?

169 2412 231 2480 Sed
256 2414 335 2500 quid
358 2435 455 2501 agam
477 2415 588 2500 potius
612 2415 764 2504 madidis,
788 2415 942 2501 Saturne,
965 2415 1092 2500 diebus,

123 2519 159 2568 10
215 2501 304 2581 Quos
327 2502 390 2568 tibi
413 2525 473 2588 pro
497 2504 586 2570 eaelo
609 2504 698 2570 filius
722 2505 792 2590 ipse
816 2503 927 2570 dedit?

168 2590 228 2657 Vis
253 2591 395 2658 scribam
417 2591 547 2658 Thebas
571 2591 745 2659 Troiamve
768 2593 913 2660 malasve
936 2591 1113 2677 Mycenes?
1233 2661 1234 2666 ,

212 2679 353 2766 „Lude,“
375 2679 496 2767 inquis,
518 2681 701 2766 „nucibus“.
737 2680 875 2748 Perdere
898 2681 975 2747 nolo
998 2702 1105 2746 nuces.

612 2837 656 2906 H.

86 2962 101 3016 I
124 2964 159 3014 13
170 2946 241 3025 Quo
265 2947 316 3013 vis
340 2968 467 3036 cunque
490 2947 563 3014 loco
587 2949 680 3031 potes
702 2945 788 3014 hunc
811 2945 904 3011 finire
928 2944 1092 3012 libellum·

213 3034 371 3103 Versibus
395 3035 585 3124 explicitum
609 3039 660 3100 est
682 3056 778 3102 omne
802 3035 928 3101 duobus
952 3055 1043 3120 opus.

90 3138 120 3193 11
143 3123 337 3191 thammata
360 3126 389 3192 si
413 3125 542 3212 quaeris
565 3145 623 3191 eur
645 3123 712 3189 sint
735 3124 892 3210 ascripta,
915 3121 1051 3190 docebo:

213 3213 273 3300 Ut,
297 3215 325 3280 si
348 3215 519 3300 malueris,
542 3215 697 3280 lemmata
720 3213 793 3279 sola
816 3213 918 3299 legas.

444 3373 504 3440 111.
527 3373 704 3458 esperare
725 3371 821 3439 aare

168 3478 264 3548 Secta
284 3480 350 3548 nisi
374 3480 407 3547 in
431 3483 544 3547 tenues
569 3500 711 3546 essemus
735 3477 828 3566 ligna
850 3476 1002 3562 tabellas,

211 3569 370 3636 Essemus
393 3568 509 3656 Libyci
531 3569 644 3636 nobile
667 3565 773 3633 dentis
797 3587 889 3634 onus.

174 3681 256 3726 Hunc.
944 3672 976 3724 al
