2596 4032
154 187 221 255 294
484 189 523 250 Μ.
541 188 623 245 VAIr.
643 187 842 245 Menelaum

613 350 713 418 XLV.

196 448 345 516 Haedina
368 449 431 516 tibi
453 449 539 535 pelle
562 451 750 536 contegenti

196 537 312 605 Nudae
335 541 484 624 tempora
507 540 723 624 verticemque
747 539 873 624 calvae,

196 625 326 694 Festive
349 628 425 712 tibi,
446 627 592 711 Phoebe,
615 627 697 692 dixit
720 626 790 710 ille,

197 715 261 794 Qui
284 716 367 782 dixit
390 720 489 802 capnt
512 737 583 781 esse
606 715 790 782 calciatum.

510 871 511 874 ’
581 847 733 922 'xum‘

197 951 352 1021 Vendunt
375 953 520 1022 earmina
544 951 659 1020 Gallus
683 959 716 1020 et
738 953 915 1040 Lupercus.

140 1076 143 1082 ,
196 1039 315 1130 Sanos,
338 1041 497 1130 Classica,
519 1064 604 1109 nune
626 1064 711 1131 nega
726 1047 859 1239 poetas.

591 1192 724 1260 XLVII.

197 1288 352 1357 Difficilis
375 1291 496 1376 facilis,
518 1289 675 1357 iunmdus
700 1291 834 1357 acerbus
859 1313 893 1357 es
916 1291 1016 1356 idem:

241 1377 310 1446 Nee
334 1383 443 1446 teoum
464 1402 600 1468 possum
622 1381 745 1466 vivere,
769 1402 829 1446 nee
852 1381 922 1446 eine
945 1383 987 1446 te.

521 1497 523 1501 ’
587 1521 737 1588 xnvm.

197 1616 333 1706 Boletos
357 1623 391 1685 et
414 1641 529 1705 aprum
553 1620 582 1685 ei
604 1625 760 1706 tauquam
784 1620 862 1686 vilia
883 1619 978 1706 ponis

242 1706 289 1772 Et
310 1729 377 1773 non
401 1730 471 1774 esee
494 1712 591 1794 putas
615 1709 695 1774 haee
719 1731 792 1774 mea
814 1713 904 1792 vota,
927 1707 1016 1774 volo:

143 1835 146 1839 -
199 1791 234 1860 Si
255 1796 459 1862 fortunatum
481 1797 553 1862 fieri
576 1819 628 1862 me
652 1797 755 1863 credie
780 1802 813 1864 et
835 1797 929 1863 heres
1080 1809 1083 1812 '

104 1951 105 1957 ,
243 1884 302 1951 Vie
326 1886 425 1952 eeribi
447 1891 582 1972 propter
604 1887 745 1972 quinque
768 1886 922 1970 Lucrina,
944 1887 1026 1951 vale.

172 1972 303 2039 tLauta
325 1967 438 2040 tame'n
460 1995 539 2041 eene
561 1980 624 2040 eet:
647 1975 766 2058 fateor,
785 1975 981 2059 lautissima,
1005 1973 1157 2039 sederas

242 2061 300 2130 Nil
323 2064 399 2147 erit,
421 2063 522 2128 immo
544 2063 655 2148 hodie,
677 2065 826 2150 protinus
849 2065 951 2130 immo
973 2063 1070 2147 nihil,

199 2151 293 2230 Quod
316 2153 399 2218 eoiat
421 2151 535 2217 infelix
557 2152 731 2218 damnatae
754 2175 899 2238 spongea
922 2153 1034 2239 virgae

242 2237 306 2306 Vel
326 2241 507 2326 quicunque
531 2241 620 2306 oanis
643 2242 817 2326 iunctaque
840 2245 927 2308 testa
948 2241 1034 2307 viae:

198 2328 375 2396 Mullorum
397 2331 610 2416 leporumque
634 2335 666 2395 et
689 2331 826 2396 suminis
849 2331 955 2396 exitus
978 2330 1032 2395 hio
1056 2333 1121 2408 est,

156 2430 189 2479 10
243 2416 508 2505 Sulphureusque
531 2419 621 2484 color
644 2419 873 2505 carnificesque
897 2420 1005 2504 pedes.
1043 2438 1044 2441 ’

198 2505 276 2574 Non
297 2507 430 2573 Albana
452 2507 534 2571 mihi
558 2509 601 2572 sit
624 2508 810 2574 comissatio
833 2511 920 2574 tanti

242 2594 312 2662 Neo
335 2595 541 2682 Capitolinae
563 2597 819 2682 pontificumque
842 2598 955 2684 dapee3

198 2685 344 2771 Imputet
358 2685 436 2768 'ipse
459 2685 537 2750 deus
560 2689 673 2750 nector
696 2686 790 2769 mihi,
813 2687 871 2752 fiet
893 2691 1021 2754 acetum
1092 2727 1095 2732 ‚
1128 2727 1132 2734 ·

242 2774 288 2839 Et
310 2773 463 2840 Vaticani
485 2773 609 2858 perfida
631 2798 739 2862 vappa
762 2775 841 2842 uadi.

104 2865 107 2871 '
157 2876 188 2926 15
200 2861 361 2930 Convivas
386 2863 468 2928 alios
493 2885 642 2928 uenarum
667 2887 784 2950 quaere
807 2864 979 2950 magister,

244 2952 332 3029 Quos
356 2952 488 3037 capiant
511 2973 642 3018 mensae
665 2975 767 3037 regna
791 2955 932 3039 superba
955 2959 1043 3019 tuae:

199 3040 251 3106 Me
274 3063 364 3106 meus
390 3040 430 3104 atl
454 3040 580 3106 subitas
603 3041 721 3106 invitet
745 3043 867 3108 amiens
892 3041 1021 3108 ofellae:

243 3129 332 3196 Haeo
355 3129 448 3215 mihi,
472 3151 569 3214 quam
593 3153 727 3216 possum
750 3132 898 3216 reddere,
921 3153 1001 3198 aena
1023 3132 1143 3218 placet.

604 3269 719 3340 XLIX.

199 3369 343 3438 Crinitae
366 3370 446 3436 Line
469 3369 659 3458 paedagoge
683 3372 812 3456 turbae,

198 3457 320 3525 Rerum
345 3482 441 3545 quem
465 3460 631 3526 dominum
654 3465 751 3528 vooet
775 3483 907 3528 suarum

168 3589 169 3594 κ
199 3547 244 3612 Et
266 3547 370 3614 eredit
393 3551 445 3614 eui
467 3546 664 3616 Postumilla
688 3551 777 3616 dives
