<?xml version="1.0" encoding="UTF-8"?>
<!DOCTYPE html PUBLIC "-//W3C//DTD XHTML 1.0 Transitional//EN"
    "http://www.w3.org/TR/xhtml1/DTD/xhtml1-transitional.dtd">
<html xmlns="http://www.w3.org/1999/xhtml" xml:lang="en" lang="en">
 <head>
  <title>
</title>
<meta http-equiv="Content-Type" content="text/html;charset=utf-8" />
  <meta name='ocr-system' content='tesseract 3.04.00' />
  <meta name='ocr-capabilities' content='ocr_page ocr_carea ocr_par ocr_line ocrx_word'/>
</head>
<body>
  <div class='ocr_page' id='page_1' title='image "./epigrammatonlib03martgoog_0220.png"; bbox 0 0 2596 4034; ppageno 0'>
   <div class='ocr_carea' id='block_1_1' title="bbox 0 604 2 3933">
    <p class='ocr_par' dir='ltr' id='par_1_1' title="bbox 0 604 2 3933">
     <span class='ocr_line' id='line_1_1' title="bbox 0 604 2 3933; baseline 0 0"><span class='ocrx_word' id='word_1_1' title='bbox 0 604 2 3933; x_wconf 95' lang='lat' dir='ltr'> </span> 
     </span>
    </p>
   </div>
   <div class='ocr_carea' id='block_1_2' title="bbox 384 161 1134 232">
    <p class='ocr_par' dir='ltr' id='par_1_2' title="bbox 384 161 1134 232">
     <span class='ocr_line' id='line_1_2' title="bbox 384 161 1134 232; baseline 0.019 -14"><span class='ocrx_word' id='word_1_2' title='bbox 384 161 684 220; x_wconf 79' lang='lat' dir='ltr'><strong>EPIGRAMMATON</strong></span> <span class='ocrx_word' id='word_1_3' title='bbox 702 163 768 222; x_wconf 86' lang='lat' dir='ltr'><strong>LIB.</strong></span> <span class='ocrx_word' id='word_1_4' title='bbox 787 163 861 222; x_wconf 88' lang='lat' dir='ltr'><strong>VIII.</strong></span> <span class='ocrx_word' id='word_1_5' title='bbox 1071 167 1134 232; x_wconf 80' lang='grc'>179</span> 
     </span>
    </p>
   </div>
   <div class='ocr_carea' id='block_1_3' title="bbox 156 325 1021 502">
    <p class='ocr_par' dir='ltr' id='par_1_3' title="bbox 156 325 1021 502">
     <span class='ocr_line' id='line_1_3' title="bbox 156 325 1021 394; baseline 0.003 -4"><span class='ocrx_word' id='word_1_6' title='bbox 156 325 213 392; x_wconf 83' lang='lat' dir='ltr'>Sic</span> <span class='ocrx_word' id='word_1_7' title='bbox 236 326 387 392; x_wconf 84' lang='lat' dir='ltr'>habitare</span> <span class='ocrx_word' id='word_1_8' title='bbox 410 327 503 394; x_wconf 89' lang='lat' dir='ltr'>iubes</span> <span class='ocrx_word' id='word_1_9' title='bbox 527 333 670 394; x_wconf 82' lang='lat' dir='ltr'>veterem</span> <span class='ocrx_word' id='word_1_10' title='bbox 694 326 835 394; x_wconf 89' lang='lat' dir='ltr'>crudelis</span> <span class='ocrx_word' id='word_1_11' title='bbox 859 327 1021 394; x_wconf 82' lang='lat' dir='ltr'>amicum¹</span> 
     </span>
     <span class='ocr_line' id='line_1_4' title="bbox 203 415 904 502; baseline 0.001 -21"><span class='ocrx_word' id='word_1_12' title='bbox 203 415 344 482; x_wconf 83' lang='lat' dir='ltr'>Arboris</span> <span class='ocrx_word' id='word_1_13' title='bbox 368 437 447 502; x_wconf 86' lang='lat' dir='ltr'>ergo</span> <span class='ocrx_word' id='word_1_14' title='bbox 470 421 545 482; x_wconf 84' lang='lat' dir='ltr'>tuae</span> <span class='ocrx_word' id='word_1_15' title='bbox 569 419 673 484; x_wconf 85' lang='lat' dir='ltr'>tutior</span> <span class='ocrx_word' id='word_1_16' title='bbox 695 417 815 502; x_wconf 82' lang='lat' dir='ltr'>hospes</span> <span class='ocrx_word' id='word_1_17' title='bbox 840 438 904 484; x_wconf 92' lang='lat' dir='ltr'>ero.</span> 
     </span>
    </p>
   </div>
   <div class='ocr_carea' id='block_1_4' title="bbox 588 576 659 645">
    <p class='ocr_par' dir='ltr' id='par_1_4' title="bbox 588 576 659 645">
     <span class='ocr_line' id='line_1_5' title="bbox 588 576 659 645; baseline -0.014 0"><span class='ocrx_word' id='word_1_18' title='bbox 588 576 659 645; x_wconf 88' lang='lat' dir='ltr'>XV.</span> 
     </span>
    </p>
   </div>
   <div class='ocr_carea' id='block_1_5' title="bbox 68 664 1161 1391">
    <p class='ocr_par' dir='ltr' id='par_1_5' title="bbox 68 664 1161 1391">
     <span class='ocr_line' id='line_1_6' title="bbox 155 664 1023 772; baseline 0.001 -25"><span class='ocrx_word' id='word_1_19' title='bbox 155 681 248 747; x_wconf 90' lang='lat' dir='ltr'>Dum</span> <span class='ocrx_word' id='word_1_20' title='bbox 270 703 357 772; x_wconf 86' lang='lat' dir='ltr'>nova</span> <span class='ocrx_word' id='word_1_21' title='bbox 380 681 561 750; x_wconf 79' lang='lat' dir='ltr'>Pannonici</span> <span class='ocrx_word' id='word_1_22' title='bbox 584 687 775 749; x_wconf 87' lang='lat' dir='ltr'>numeratur</span> <span class='ocrx_word' id='word_1_23' title='bbox 798 683 906 768; x_wconf 84' lang='lat' dir='ltr'>gloria</span> <span class='ocrx_word' id='word_1_24' title='bbox 928 664 1023 769; x_wconf 74' lang='lat' dir='ltr'>hblli,</span> 
     </span>
     <span class='ocr_line' id='line_1_7' title="bbox 205 769 1057 857; baseline 0.005 -23"><span class='ocrx_word' id='word_1_25' title='bbox 205 769 320 835; x_wconf 91' lang='lat' dir='ltr'>Omnis</span> <span class='ocrx_word' id='word_1_26' title='bbox 345 774 378 835; x_wconf 88' lang='lat' dir='ltr'>et</span> <span class='ocrx_word' id='word_1_27' title='bbox 401 771 442 836; x_wconf 91' lang='lat' dir='ltr'>ad</span> <span class='ocrx_word' id='word_1_28' title='bbox 465 771 628 854; x_wconf 85' lang='lat' dir='ltr'>Reducem</span> <span class='ocrx_word' id='word_1_29' title='bbox 654 771 731 836; x_wconf 89' lang='lat' dir='ltr'>dum</span> <span class='ocrx_word' id='word_1_30' title='bbox 754 771 829 837; x_wconf 90' lang='lat' dir='ltr'>litat</span> <span class='ocrx_word' id='word_1_31' title='bbox 852 771 1057 857; x_wconf 74' lang='lat' dir='ltr'>malorem,</span> 
     </span>
     <span class='ocr_line' id='line_1_8' title="bbox 68 857 1161 948; baseline 0.004 -24"><span class='ocrx_word' id='word_1_32' title='bbox 68 865 74 873; x_wconf 83' lang='lat'><em>&#39;</em></span> <span class='ocrx_word' id='word_1_33' title='bbox 150 859 228 924; x_wconf 81' lang='lat' dir='ltr'>&#39;Dat</span> <span class='ocrx_word' id='word_1_34' title='bbox 250 859 407 945; x_wconf 86' lang='lat' dir='ltr'>populus,</span> <span class='ocrx_word' id='word_1_35' title='bbox 431 859 488 926; x_wconf 84' lang='lat' dir='ltr'>dat</span> <span class='ocrx_word' id='word_1_36' title='bbox 511 857 626 948; x_wconf 82' lang='lat' dir='ltr'>gratus</span> <span class='ocrx_word' id='word_1_37' title='bbox 651 882 762 948; x_wconf 84' lang='lat' dir='ltr'>eques,</span> <span class='ocrx_word' id='word_1_38' title='bbox 786 861 843 926; x_wconf 85' lang='lat' dir='ltr'>dat</span> <span class='ocrx_word' id='word_1_39' title='bbox 865 865 939 926; x_wconf 90' lang='lat' dir='ltr'>tura</span> <span class='ocrx_word' id='word_1_40' title='bbox 962 865 1109 946; x_wconf 86' lang='lat' dir='ltr'>senatus,</span> <span class='ocrx_word' id='word_1_41' title='bbox 1159 863 1161 867; x_wconf 46' lang='lat'><em>⁴</em></span> 
     </span>
     <span class='ocr_line' id='line_1_9' title="bbox 203 947 890 1016; baseline 0.004 -3"><span class='ocrx_word' id='word_1_42' title='bbox 203 947 250 1016; x_wconf 84' lang='lat' dir='ltr'>Et</span> <span class='ocrx_word' id='word_1_43' title='bbox 273 948 380 1014; x_wconf 87' lang='lat' dir='ltr'>ditant</span> <span class='ocrx_word' id='word_1_44' title='bbox 402 947 516 1016; x_wconf 80' lang='lat' dir='ltr'>Latias</span> <span class='ocrx_word' id='word_1_45' title='bbox 539 951 639 1016; x_wconf 87' lang='lat' dir='ltr'>tertia</span> <span class='ocrx_word' id='word_1_46' title='bbox 663 951 748 1016; x_wconf 90' lang='lat' dir='ltr'>dona</span> <span class='ocrx_word' id='word_1_47' title='bbox 770 950 890 1016; x_wconf 88' lang='lat' dir='ltr'>tribus:</span> 
     </span>
     <span class='ocr_line' id='line_1_10' title="bbox 122 1036 1108 1126; baseline -0.001 -21"><span class='ocrx_word' id='word_1_48' title='bbox 122 1036 230 1105; x_wconf 77' lang='lat' dir='ltr'>sHos</span> <span class='ocrx_word' id='word_1_49' title='bbox 255 1059 383 1124; x_wconf 90' lang='lat' dir='ltr'>quoque</span> <span class='ocrx_word' id='word_1_50' title='bbox 402 1044 546 1105; x_wconf 88' lang='lat' dir='ltr'>secretos</span> <span class='ocrx_word' id='word_1_51' title='bbox 558 1039 761 1106; x_wconf 76' lang='lat' dir='ltr'>memoravit</span> <span class='ocrx_word' id='word_1_52' title='bbox 780 1039 885 1104; x_wconf 90' lang='lat' dir='ltr'>Roma</span> <span class='ocrx_word' id='word_1_53' title='bbox 907 1039 1108 1126; x_wconf 85' lang='lat' dir='ltr'>triumphos,</span> 
     </span>
     <span class='ocr_line' id='line_1_11' title="bbox 203 1126 949 1212; baseline 0 -20"><span class='ocrx_word' id='word_1_54' title='bbox 203 1126 275 1192; x_wconf 90' lang='lat' dir='ltr'>Nec</span> <span class='ocrx_word' id='word_1_55' title='bbox 298 1129 405 1194; x_wconf 90' lang='lat' dir='ltr'>minor</span> <span class='ocrx_word' id='word_1_56' title='bbox 427 1129 494 1194; x_wconf 91' lang='lat' dir='ltr'>ista</span> <span class='ocrx_word' id='word_1_57' title='bbox 516 1133 593 1204; x_wconf 87' lang='lat' dir='ltr'>tuae</span> <span class='ocrx_word' id='word_1_58' title='bbox 617 1129 729 1198; x_wconf 87' lang='lat' dir='ltr'>laurea</span> <span class='ocrx_word' id='word_1_59' title='bbox 751 1129 842 1212; x_wconf 82' lang='lat' dir='ltr'><strong>pacis</strong></span> <span class='ocrx_word' id='word_1_60' title='bbox 867 1130 949 1212; x_wconf 87' lang='lat' dir='ltr'>erat,</span> 
     </span>
     <span class='ocr_line' id='line_1_12' title="bbox 156 1215 1106 1303; baseline -0.002 -21"><span class='ocrx_word' id='word_1_61' title='bbox 156 1215 253 1291; x_wconf 87' lang='lat' dir='ltr'>Quod</span> <span class='ocrx_word' id='word_1_62' title='bbox 276 1216 340 1280; x_wconf 87' lang='lat' dir='ltr'>tibi</span> <span class='ocrx_word' id='word_1_63' title='bbox 363 1217 402 1280; x_wconf 91' lang='lat' dir='ltr'>de</span> <span class='ocrx_word' id='word_1_64' title='bbox 426 1221 540 1283; x_wconf 83' lang='lat' dir='ltr'>sancta</span> <span class='ocrx_word' id='word_1_65' title='bbox 563 1217 664 1284; x_wconf 89' lang='lat' dir='ltr'>credis</span> <span class='ocrx_word' id='word_1_66' title='bbox 688 1218 812 1303; x_wconf 84' lang='lat' dir='ltr'>pietate</span> <span class='ocrx_word' id='word_1_67' title='bbox 834 1219 976 1282; x_wconf 89' lang='lat' dir='ltr'>tuorum.</span> <span class='ocrx_word' id='word_1_68' title='bbox 1104 1219 1106 1225; x_wconf 82' lang='grc'><em>’</em></span> 
     </span>
     <span class='ocr_line' id='line_1_13' title="bbox 202 1304 974 1391; baseline 0 -21"><span class='ocrx_word' id='word_1_69' title='bbox 202 1304 364 1390; x_wconf 89' lang='lat' dir='ltr'>Principis</span> <span class='ocrx_word' id='word_1_70' title='bbox 387 1310 438 1371; x_wconf 89' lang='lat' dir='ltr'>est</span> <span class='ocrx_word' id='word_1_71' title='bbox 462 1306 564 1371; x_wconf 85' lang='lat' dir='ltr'>virtus</span> <span class='ocrx_word' id='word_1_72' title='bbox 587 1306 744 1391; x_wconf 88' lang='lat' dir='ltr'>maxima,</span> <span class='ocrx_word' id='word_1_73' title='bbox 767 1326 863 1370; x_wconf 89' lang='lat' dir='ltr'>nosse</span> <span class='ocrx_word' id='word_1_74' title='bbox 888 1327 974 1371; x_wconf 90' lang='lat' dir='ltr'>suos.</span> 
     </span>
    </p>
   </div>
   <div class='ocr_carea' id='block_1_6' title="bbox 582 1463 710 1531">
    <p class='ocr_par' dir='ltr' id='par_1_6' title="bbox 582 1463 710 1531">
     <span class='ocr_line' id='line_1_14' title="bbox 582 1463 710 1531; baseline 0 -1"><span class='ocrx_word' id='word_1_75' title='bbox 582 1463 670 1531; x_wconf 86' lang='lat' dir='ltr'><strong>XVI.</strong></span> <span class='ocrx_word' id='word_1_76' title='bbox 709 1473 710 1476; x_wconf 75' lang='grc'>’</span> 
     </span>
    </p>
   </div>
   <div class='ocr_carea' id='block_1_7' title="bbox 124 1570 947 2019">
    <p class='ocr_par' dir='ltr' id='par_1_7' title="bbox 124 1570 947 2019">
     <span class='ocr_line' id='line_1_15' title="bbox 154 1570 739 1658; baseline 0 -20"><span class='ocrx_word' id='word_1_77' title='bbox 154 1571 268 1638; x_wconf 86' lang='lat' dir='ltr'>Pistor</span> <span class='ocrx_word' id='word_1_78' title='bbox 292 1571 348 1656; x_wconf 91' lang='lat' dir='ltr'>qui</span> <span class='ocrx_word' id='word_1_79' title='bbox 371 1571 482 1638; x_wconf 86' lang='lat' dir='ltr'>fueras</span> <span class='ocrx_word' id='word_1_80' title='bbox 505 1572 575 1658; x_wconf 90' lang='lat' dir='ltr'>diu,</span> <span class='ocrx_word' id='word_1_81' title='bbox 599 1570 739 1658; x_wconf 73' lang='lat' dir='ltr'>cypero,</span> 
     </span>
     <span class='ocr_line' id='line_1_16' title="bbox 154 1661 947 1750; baseline 0 -23"><span class='ocrx_word' id='word_1_82' title='bbox 154 1661 282 1728; x_wconf 84' lang='lat' dir='ltr'><strong>Causas</strong></span> <span class='ocrx_word' id='word_1_83' title='bbox 305 1683 393 1726; x_wconf 90' lang='lat' dir='ltr'>nunc</span> <span class='ocrx_word' id='word_1_84' title='bbox 416 1662 488 1747; x_wconf 85' lang='lat' dir='ltr'>agis</span> <span class='ocrx_word' id='word_1_85' title='bbox 512 1666 545 1726; x_wconf 85' lang='lat' dir='ltr'>et</span> <span class='ocrx_word' id='word_1_86' title='bbox 568 1662 693 1726; x_wconf 89' lang='lat' dir='ltr'>ducena</span> <span class='ocrx_word' id='word_1_87' title='bbox 716 1662 858 1750; x_wconf 65' lang='lat' dir='ltr'>quaeris:</span> <span class='ocrx_word' id='word_1_88' title='bbox 945 1663 947 1668; x_wconf 77' lang='grc'>’</span> 
     </span>
     <span class='ocr_line' id='line_1_17' title="bbox 155 1749 788 1836; baseline -0.002 -20"><span class='ocrx_word' id='word_1_89' title='bbox 155 1750 223 1816; x_wconf 85' lang='lat' dir='ltr'>Sed</span> <span class='ocrx_word' id='word_1_90' title='bbox 247 1750 412 1816; x_wconf 81' lang='lat' dir='ltr'><strong>consumis</strong></span> <span class='ocrx_word' id='word_1_91' title='bbox 437 1753 471 1815; x_wconf 85' lang='lat' dir='ltr'>et</span> <span class='ocrx_word' id='word_1_92' title='bbox 493 1771 597 1836; x_wconf 85' lang='lat' dir='ltr'>usque</span> <span class='ocrx_word' id='word_1_93' title='bbox 620 1749 788 1816; x_wconf 86' lang='lat' dir='ltr'>mutuaris.</span> 
     </span>
     <span class='ocr_line' id='line_1_18' title="bbox 148 1837 762 1925; baseline -0.003 -21"><span class='ocrx_word' id='word_1_94' title='bbox 148 1840 188 1924; x_wconf 48' lang='lat' dir='ltr'>cd</span> <span class='ocrx_word' id='word_1_95' title='bbox 211 1840 350 1925; x_wconf 86' lang='lat' dir='ltr'>pistore,</span> <span class='ocrx_word' id='word_1_96' title='bbox 373 1837 603 1924; x_wconf 80' lang='lat' dir='ltr'>Cype1·e,non</span> <span class='ocrx_word' id='word_1_97' title='bbox 626 1838 762 1904; x_wconf 82' lang='lat' dir='ltr'>recedis:</span> 
     </span>
     <span class='ocr_line' id='line_1_19' title="bbox 124 1925 889 2019; baseline -0.003 -25"><span class='ocrx_word' id='word_1_98' title='bbox 124 1929 203 1994; x_wconf 70' lang='lat' dir='ltr'>ant</span> <span class='ocrx_word' id='word_1_99' title='bbox 224 1950 344 2014; x_wconf 85' lang='lat' dir='ltr'>panem</span> <span class='ocrx_word' id='word_1_100' title='bbox 367 1925 450 1994; x_wconf 88' lang='lat' dir='ltr'>facis</span> <span class='ocrx_word' id='word_1_101' title='bbox 475 1931 509 1992; x_wconf 87' lang='lat' dir='ltr'>et</span> <span class='ocrx_word' id='word_1_102' title='bbox 530 1927 612 1994; x_wconf 90' lang='lat' dir='ltr'>facis</span> <span class='ocrx_word' id='word_1_103' title='bbox 636 1927 785 1993; x_wconf 84' lang='lat' dir='ltr'>farinam.</span> <span class='ocrx_word' id='word_1_104' title='bbox 886 2012 889 2019; x_wconf 24' lang='grc' dir='ltr'>Ι</span> 
     </span>
    </p>
   </div>
   <div class='ocr_carea' id='block_1_8' title="bbox 113 2065 677 2150">
    <p class='ocr_par' dir='ltr' id='par_1_8' title="bbox 113 2065 677 2150">
     <span class='ocr_line' id='line_1_20' title="bbox 113 2065 677 2150; baseline 0.011 -6"><span class='ocrx_word' id='word_1_105' title='bbox 113 2108 120 2144; x_wconf 72' lang='lat' dir='ltr'>r</span> <span class='ocrx_word' id='word_1_106' title='bbox 175 2065 181 2074; x_wconf 50' lang='lat'>⁸</span> <span class='ocrx_word' id='word_1_107' title='bbox 571 2084 677 2150; x_wconf 88' lang='lat' dir='ltr'><strong>XVII.</strong></span> 
     </span>
    </p>
   </div>
   <div class='ocr_carea' id='block_1_9' title="bbox 152 2191 1132 2544">
    <p class='ocr_par' dir='ltr' id='par_1_9' title="bbox 152 2191 1041 2366">
     <span class='ocr_line' id='line_1_21' title="bbox 152 2191 1027 2280; baseline -0.005 -18"><span class='ocrx_word' id='word_1_108' title='bbox 152 2195 236 2280; x_wconf 77' lang='lat' dir='ltr'>Egi„</span> <span class='ocrx_word' id='word_1_109' title='bbox 260 2191 370 2278; x_wconf 80' lang='lat' dir='ltr'>Sexte,</span> <span class='ocrx_word' id='word_1_110' title='bbox 393 2195 499 2277; x_wconf 83' lang='lat' dir='ltr'>tuam,</span> <span class='ocrx_word' id='word_1_111' title='bbox 522 2195 639 2278; x_wconf 83' lang='lat' dir='ltr'>pactus</span> <span class='ocrx_word' id='word_1_112' title='bbox 664 2191 726 2257; x_wconf 92' lang='lat' dir='ltr'>duo</span> <span class='ocrx_word' id='word_1_113' title='bbox 750 2191 856 2277; x_wconf 86' lang='lat' dir='ltr'>milia,</span> <span class='ocrx_word' id='word_1_114' title='bbox 879 2213 1027 2259; x_wconf 85' lang='lat' dir='ltr'>causam:</span> 
     </span>
     <span class='ocr_line' id='line_1_22' title="bbox 200 2280 1041 2366; baseline -0.001 -18"><span class='ocrx_word' id='word_1_115' title='bbox 200 2282 323 2349; x_wconf 84' lang='lat' dir='ltr'>Misisti</span> <span class='ocrx_word' id='word_1_116' title='bbox 345 2303 498 2346; x_wconf 87' lang='lat' dir='ltr'>nummos</span> <span class='ocrx_word' id='word_1_117' title='bbox 522 2281 611 2365; x_wconf 91' lang='lat' dir='ltr'>quod</span> <span class='ocrx_word' id='word_1_118' title='bbox 633 2280 714 2346; x_wconf 88' lang='lat' dir='ltr'>mihi</span> <span class='ocrx_word' id='word_1_119' title='bbox 737 2280 841 2365; x_wconf 87' lang='lat' dir='ltr'>mille,</span> <span class='ocrx_word' id='word_1_120' title='bbox 866 2282 945 2366; x_wconf 89' lang='lat' dir='ltr'>quid</span> <span class='ocrx_word' id='word_1_121' title='bbox 968 2283 1041 2348; x_wconf 78' lang='lat' dir='ltr'>est?</span> 
     </span>
    </p>

    <p class='ocr_par' dir='ltr' id='par_1_10' title="bbox 152 2369 1132 2544">
     <span class='ocr_line' id='line_1_23' title="bbox 152 2369 1132 2460; baseline 0 -22"><span class='ocrx_word' id='word_1_122' title='bbox 152 2371 330 2460; x_wconf 86' lang='lat' dir='ltr'>„Narrasti</span> <span class='ocrx_word' id='word_1_123' title='bbox 351 2369 454 2436; x_wconf 86' lang='lat' dir='ltr'>nihil“</span> <span class='ocrx_word' id='word_1_124' title='bbox 476 2369 584 2456; x_wconf 87' lang='lat' dir='ltr'>inquis</span> <span class='ocrx_word' id='word_1_125' title='bbox 607 2374 659 2454; x_wconf 86' lang='lat' dir='ltr'>„et</span> <span class='ocrx_word' id='word_1_126' title='bbox 683 2391 702 2435; x_wconf 88' lang='lat' dir='ltr'>a</span> <span class='ocrx_word' id='word_1_127' title='bbox 725 2373 758 2434; x_wconf 90' lang='lat' dir='ltr'>te</span> <span class='ocrx_word' id='word_1_128' title='bbox 781 2370 910 2456; x_wconf 86' lang='lat' dir='ltr'>perdita</span> <span class='ocrx_word' id='word_1_129' title='bbox 933 2393 1031 2437; x_wconf 87' lang='lat' dir='ltr'>causa</span> <span class='ocrx_word' id='word_1_130' title='bbox 1055 2373 1132 2438; x_wconf 79' lang='lat' dir='ltr'>est“</span> 
     </span>
     <span class='ocr_line' id='line_1_24' title="bbox 200 2456 935 2544; baseline -0.004 -17"><span class='ocrx_word' id='word_1_131' title='bbox 200 2461 309 2528; x_wconf 80' lang='lat' dir='ltr'>Tanto</span> <span class='ocrx_word' id='word_1_132' title='bbox 332 2460 407 2544; x_wconf 89' lang='lat' dir='ltr'>plus</span> <span class='ocrx_word' id='word_1_133' title='bbox 432 2459 543 2544; x_wconf 87' lang='lat' dir='ltr'>debes,</span> <span class='ocrx_word' id='word_1_134' title='bbox 567 2456 677 2544; x_wconf 77' lang='lat' dir='ltr'>Sexte,</span> <span class='ocrx_word' id='word_1_135' title='bbox 701 2458 788 2543; x_wconf 90' lang='lat' dir='ltr'>quod</span> <span class='ocrx_word' id='word_1_136' title='bbox 812 2459 935 2525; x_wconf 88' lang='lat' dir='ltr'>erubui.</span> 
     </span>
    </p>
   </div>
   <div class='ocr_carea' id='block_1_10' title="bbox 559 2595 751 2684">
    <p class='ocr_par' dir='ltr' id='par_1_11' title="bbox 559 2595 751 2684">
     <span class='ocr_line' id='line_1_25' title="bbox 559 2595 751 2684; baseline -0.005 -1"><span class='ocrx_word' id='word_1_137' title='bbox 559 2615 682 2684; x_wconf 80' lang='lat' dir='ltr'>xvm.</span> <span class='ocrx_word' id='word_1_138' title='bbox 724 2595 751 2608; x_wconf 80' lang='grc'><strong>“</strong></span> 
     </span>
    </p>
   </div>
   <div class='ocr_carea' id='block_1_11' title="bbox 106 2699 1130 3682">
    <p class='ocr_par' dir='ltr' id='par_1_12' title="bbox 106 2699 1130 3682">
     <span class='ocr_line' id='line_1_26' title="bbox 154 2699 1077 2814; baseline -0.001 -20"><span class='ocrx_word' id='word_1_139' title='bbox 154 2727 191 2797; x_wconf 85' lang='lat' dir='ltr'>Si</span> <span class='ocrx_word' id='word_1_140' title='bbox 213 2732 286 2813; x_wconf 88' lang='lat' dir='ltr'>tua,</span> <span class='ocrx_word' id='word_1_141' title='bbox 310 2723 450 2812; x_wconf 67' lang='lat' dir='ltr'>(terrim,</span> <span class='ocrx_word' id='word_1_142' title='bbox 473 2747 607 2812; x_wconf 84' lang='lat' dir='ltr'>promas</span> <span class='ocrx_word' id='word_1_143' title='bbox 631 2724 869 2811; x_wconf 83' lang='lat' dir='ltr'>epigrammata</span> <span class='ocrx_word' id='word_1_144' title='bbox 891 2727 1004 2814; x_wconf 77' lang='lat' dir='ltr'>vulgo,</span> <span class='ocrx_word' id='word_1_145' title='bbox 1056 2699 1077 2728; x_wconf 39' lang='grc' dir='ltr'><strong>Μ</strong></span> 
     </span>
     <span class='ocr_line' id='line_1_27' title="bbox 200 2815 1018 2902; baseline 0 -20"><span class='ocrx_word' id='word_1_146' title='bbox 200 2816 263 2882; x_wconf 87' lang='lat' dir='ltr'>Vel</span> <span class='ocrx_word' id='word_1_147' title='bbox 287 2835 416 2882; x_wconf 88' lang='lat' dir='ltr'>mecum</span> <span class='ocrx_word' id='word_1_148' title='bbox 433 2815 542 2900; x_wconf 86' lang='lat' dir='ltr'>possis</span> <span class='ocrx_word' id='word_1_149' title='bbox 565 2815 618 2880; x_wconf 86' lang='lat' dir='ltr'>vel</span> <span class='ocrx_word' id='word_1_150' title='bbox 641 2815 732 2898; x_wconf 92' lang='lat' dir='ltr'>prior</span> <span class='ocrx_word' id='word_1_151' title='bbox 754 2815 826 2900; x_wconf 89' lang='lat' dir='ltr'>ipse</span> <span class='ocrx_word' id='word_1_152' title='bbox 849 2815 928 2902; x_wconf 81' lang='lat' dir='ltr'>legi:</span> <span class='ocrx_word' id='word_1_153' title='bbox 1016 2877 1018 2882; x_wconf 83' lang='grc'>.</span> 
     </span>
     <span class='ocr_line' id='line_1_28' title="bbox 142 2903 1016 2988; baseline -0.002 -16"><span class='ocrx_word' id='word_1_154' title='bbox 142 2905 221 2973; x_wconf 74' lang='lat' dir='ltr'>sed</span> <span class='ocrx_word' id='word_1_155' title='bbox 243 2905 306 2970; x_wconf 89' lang='lat' dir='ltr'>tibi</span> <span class='ocrx_word' id='word_1_156' title='bbox 329 2909 443 2971; x_wconf 89' lang='lat' dir='ltr'>tantus</span> <span class='ocrx_word' id='word_1_157' title='bbox 466 2905 553 2970; x_wconf 89' lang='lat' dir='ltr'>inest</span> <span class='ocrx_word' id='word_1_158' title='bbox 575 2903 693 2970; x_wconf 83' lang='lat' dir='ltr'>veteris</span> <span class='ocrx_word' id='word_1_159' title='bbox 716 2908 883 2988; x_wconf 88' lang='lat' dir='ltr'>respectus</span> <span class='ocrx_word' id='word_1_160' title='bbox 907 2904 1016 2986; x_wconf 89' lang='lat' dir='ltr'>amici,</span> 
     </span>
     <span class='ocr_line' id='line_1_29' title="bbox 201 2992 946 3079; baseline -0.004 -18"><span class='ocrx_word' id='word_1_161' title='bbox 201 2993 316 3062; x_wconf 84' lang='lat' dir='ltr'>Carior</span> <span class='ocrx_word' id='word_1_162' title='bbox 338 2999 377 3060; x_wconf 85' lang='lat' dir='ltr'>ut</span> <span class='ocrx_word' id='word_1_163' title='bbox 400 2993 540 3060; x_wconf 79' lang='lat' dir='ltr'>messit</span> <span class='ocrx_word' id='word_1_164' title='bbox 563 3015 661 3079; x_wconf 89' lang='lat' dir='ltr'>quam</span> <span class='ocrx_word' id='word_1_165' title='bbox 685 2995 743 3056; x_wconf 83' lang='lat' dir='ltr'>tua</span> <span class='ocrx_word' id='word_1_166' title='bbox 765 2993 853 3058; x_wconf 86' lang='lat' dir='ltr'>fama</span> <span class='ocrx_word' id='word_1_167' title='bbox 876 2992 946 3058; x_wconf 91' lang='lat' dir='ltr'>tibi.</span> 
     </span>
     <span class='ocr_line' id='line_1_30' title="bbox 122 3081 1130 3169; baseline -0.003 -17"><span class='ocrx_word' id='word_1_168' title='bbox 122 3083 210 3154; x_wconf 78' lang='lat' dir='ltr'>cSic</span> <span class='ocrx_word' id='word_1_169' title='bbox 232 3083 326 3150; x_wconf 90' lang='lat' dir='ltr'>Maro</span> <span class='ocrx_word' id='word_1_170' title='bbox 348 3104 409 3149; x_wconf 89' lang='lat' dir='ltr'>nec</span> <span class='ocrx_word' id='word_1_171' title='bbox 432 3081 566 3149; x_wconf 82' lang='lat' dir='ltr'>Calabri</span> <span class='ocrx_word' id='word_1_172' title='bbox 588 3081 765 3167; x_wconf 84' lang='lat' dir='ltr'>temptavit</span> <span class='ocrx_word' id='word_1_173' title='bbox 789 3081 934 3156; x_wconf 80' lang='lat' dir='ltr'>carmina</span> <span class='ocrx_word' id='word_1_174' title='bbox 956 3081 1078 3169; x_wconf 83' lang='lat' dir='ltr'>Flacci,</span> <span class='ocrx_word' id='word_1_175' title='bbox 1129 3163 1130 3166; x_wconf 8' lang='grc' dir='ltr'><strong>Ἴ</strong></span> 
     </span>
     <span class='ocr_line' id='line_1_31' title="bbox 200 3171 951 3257; baseline -0.005 -17"><span class='ocrx_word' id='word_1_176' title='bbox 200 3173 389 3240; x_wconf 81' lang='lat' dir='ltr'>Pindaricos</span> <span class='ocrx_word' id='word_1_177' title='bbox 412 3177 526 3238; x_wconf 89' lang='lat' dir='ltr'>nosset</span> <span class='ocrx_word' id='word_1_178' title='bbox 549 3194 622 3237; x_wconf 90' lang='lat' dir='ltr'>cum</span> <span class='ocrx_word' id='word_1_179' title='bbox 647 3191 800 3256; x_wconf 87' lang='lat' dir='ltr'>superare</span> <span class='ocrx_word' id='word_1_180' title='bbox 824 3171 951 3257; x_wconf 87' lang='lat' dir='ltr'>modos,</span> 
     </span>
     <span class='ocr_line' id='line_1_32' title="bbox 153 3259 923 3340; baseline -0.01 -10"><span class='ocrx_word' id='word_1_181' title='bbox 153 3265 201 3330; x_wconf 83' lang='lat' dir='ltr'>Et</span> <span class='ocrx_word' id='word_1_182' title='bbox 224 3263 327 3329; x_wconf 83' lang='lat' dir='ltr'>Vario</span> <span class='ocrx_word' id='word_1_183' title='bbox 351 3263 450 3328; x_wconf 82' lang='lat' dir='ltr'>cessit</span> <span class='ocrx_word' id='word_1_184' title='bbox 473 3261 615 3326; x_wconf 90' lang='lat' dir='ltr'>Romani</span> <span class='ocrx_word' id='word_1_185' title='bbox 638 3259 734 3324; x_wconf 89' lang='lat' dir='ltr'>laude</span> <span class='ocrx_word' id='word_1_186' title='bbox 758 3259 923 3340; x_wconf 75' lang='lat' dir='ltr'>cothurni,</span> 
     </span>
     <span class='ocr_line' id='line_1_33' title="bbox 199 3347 915 3438; baseline -0.011 -19"><span class='ocrx_word' id='word_1_187' title='bbox 199 3352 282 3420; x_wconf 75' lang='lat' dir='ltr'>Cum</span> <span class='ocrx_word' id='word_1_188' title='bbox 306 3356 420 3438; x_wconf 88' lang='lat' dir='ltr'>posset</span> <span class='ocrx_word' id='word_1_189' title='bbox 443 3351 569 3438; x_wconf 80' lang='lat' dir='ltr'>tragico</span> <span class='ocrx_word' id='word_1_190' title='bbox 593 3349 712 3416; x_wconf 84' lang='lat' dir='ltr'>fortius</span> <span class='ocrx_word' id='word_1_191' title='bbox 736 3369 792 3413; x_wconf 90' lang='lat' dir='ltr'>ore</span> <span class='ocrx_word' id='word_1_192' title='bbox 815 3347 915 3432; x_wconf 83' lang='lat' dir='ltr'>loqui.</span> 
     </span>
     <span class='ocr_line' id='line_1_34' title="bbox 152 3435 1109 3526; baseline -0.01 -17"><span class='ocrx_word' id='word_1_193' title='bbox 152 3445 281 3509; x_wconf 87' lang='lat' dir='ltr'>Aurum</span> <span class='ocrx_word' id='word_1_194' title='bbox 305 3446 338 3506; x_wconf 88' lang='lat' dir='ltr'>et</span> <span class='ocrx_word' id='word_1_195' title='bbox 362 3463 439 3526; x_wconf 93' lang='lat' dir='ltr'>opes</span> <span class='ocrx_word' id='word_1_196' title='bbox 464 3443 497 3505; x_wconf 92' lang='lat' dir='ltr'>et</span> <span class='ocrx_word' id='word_1_197' title='bbox 520 3461 597 3504; x_wconf 93' lang='lat' dir='ltr'>rura</span> <span class='ocrx_word' id='word_1_198' title='bbox 619 3439 772 3524; x_wconf 84' lang='lat' dir='ltr'>frequens</span> <span class='ocrx_word' id='word_1_199' title='bbox 796 3435 931 3502; x_wconf 85' lang='lat' dir='ltr'>donabit</span> <span class='ocrx_word' id='word_1_200' title='bbox 956 3436 1109 3504; x_wconf 79' lang='lat' dir='ltr'>amicust·</span> 
     </span>
     <span class='ocr_line' id='line_1_35' title="bbox 106 3527 880 3616; baseline -0.017 -14"><span class='ocrx_word' id='word_1_201' title='bbox 106 3551 143 3602; x_wconf 73' lang='grc' dir='ltr'>ιο</span> <span class='ocrx_word' id='word_1_202' title='bbox 200 3529 263 3610; x_wconf 82' lang='lat' dir='ltr'>Qui</span> <span class='ocrx_word' id='word_1_203' title='bbox 286 3530 366 3596; x_wconf 87' lang='lat' dir='ltr'>velit</span> <span class='ocrx_word' id='word_1_204' title='bbox 388 3529 520 3616; x_wconf 82' lang='lat' dir='ltr'>ingenio</span> <span class='ocrx_word' id='word_1_205' title='bbox 544 3527 670 3612; x_wconf 85' lang='lat' dir='ltr'>cedere,</span> <span class='ocrx_word' id='word_1_206' title='bbox 693 3547 786 3592; x_wconf 86' lang='lat' dir='ltr'>rarus</span> <span class='ocrx_word' id='word_1_207' title='bbox 810 3527 880 3590; x_wconf 85' lang='lat' dir='ltr'>erit</span> 
     </span>
     <span class='ocr_line' id='line_1_36' title="bbox 914 3628 968 3682; baseline 0 0"><span class='ocrx_word' id='word_1_208' title='bbox 914 3628 968 3682; x_wconf 75' lang='lat'>12*</span> 
     </span>
    </p>
   </div>
   <div class='ocr_carea' id='block_1_12' title="bbox 4 0 1302 4034">
    <p class='ocr_par' dir='ltr' id='par_1_13' title="bbox 4 0 1302 4034">
     <span class='ocr_line' id='line_1_37' title="bbox 4 0 1302 4034; baseline 0 0"><span class='ocrx_word' id='word_1_209' title='bbox 4 0 1302 4034; x_wconf 95' lang='lat' dir='ltr'> </span> 
     </span>
    </p>
   </div>
  </div>
 </body>
</html>
