2596 4034
423 214 723 286 EPIGRAMMATON
740 215 808 274 me.
828 216 862 274 X.
1088 217 1152 284 247

177 379 229 444 Ex
253 401 325 446 arce
349 378 426 445 clivi
449 383 664 464 spectatura
687 377 799 446 Setini.
876 456 878 471 Ι

179 468 264 546 Quid
288 467 515 556 concupiscam
539 469 668 554 quaeris
693 469 795 557 ergo?
819 468 970 536 dormire.

580 601 712 668 LXXV.

180 691 272 757 Milia
295 691 414 778 viginti
438 691 601 778 quondam
625 713 676 758 me
701 689 799 758 Galla
821 691 972 780 poposcit

224 779 283 865 Et,
306 781 426 867 fateor,
450 802 571 868 magno
594 803 662 846 non
685 786 756 847 erat
779 781 838 846 illa
860 781 968 848 nimis.

181 868 295 934 Annus
319 869 401 936 abit:
424 867 500 956 „Bis
524 869 624 954 quina
647 869 740 936 dabis
765 869 935 936 sestertia“
957 869 1049 938 dixit.

225 958 363 1025 Poscere
386 959 460 1043 plus
484 959 555 1026 visa
578 963 629 1026 est
651 979 748 1044 quam
771 960 862 1044 prius
884 959 944 1024 illa
966 959 1057 1027 mihi
1152 993 1154 998 ¹

154 1045 249 1112 olam
273 1047 336 1114 duo
360 1049 508 1134 poscenti
532 1051 609 1134 post
631 1051 758 1114 sextum
781 1047 873 1113 milia
896 1069 1054 1114 mensem·

228 1135 318 1202 Mille
342 1135 460 1202 dabam
484 1159 644 1204 nummos.
680 1135 797 1202 Noluit
820 1137 975 1222 accipere.

181 1223 394 1292 Transierant
417 1225 513 1292 binae
536 1225 649 1292 forsan
672 1226 817 1292 trinaeve
841 1225 1020 1312 Kalendae,

226 1313 387 1381 Aureolos
410 1315 499 1381 ultro
523 1319 680 1400 quattuor
702 1315 774 1399 ipsa
797 1317 890 1400 petit.

181 1401 259 1469 Non
282 1404 436 1470 dedimus.
474 1401 734 1472 (lentum-iussit
760 1425 812 1470 me
835 1405 967 1468 mittere
989 1425 1154 1470 nummos:

136 1508 186 1558 ιο·
228 1491 292 1558 Sed
315 1493 386 1559 visa
409 1497 459 1558 est
481 1494 576 1559 nobis
600 1492 681 1558 haee
704 1514 831 1579 quoque
855 1514 983 1558 summa
1006 1491 1125 1578 gravis.

181 1579 336 1666 Sportula
357 1603 418 1647 nos
441 1581 547 1647 iunxit
571 1581 805 1668 quadrantibus
828 1581 919 1648 arida
943 1586 1087 1667 centum3

224 1669 320 1737 Hanc
343 1669 462 1736 voluit:
486 1691 586 1756 puero
610 1670 749 1738 diximus
774 1693 843 1736 esse
868 1670 988 1737 datam.

178 1757 320 1825 Inferius
343 1759 500 1845 numquid
513 1759 634 1844 ,potuit
656 1759 870 1826 descendere?
892 1759 980 1826 fecit.

224 1847 293 1914 Dat
316 1849 433 1935 gratis,
456 1849 543 1913 ultro
567 1848 624 1912 dat
648 1847 730 1913 mihi
753 1847 862 1914 Galla:
884 1868 979 1934 nego.

572 1978 719 2048 LXXVI
810 2059 813 2066 ,

178 2069 265 2154 Hoc,
287 2066 448 2150 Fortuna,
471 2067 535 2136 tibi
558 2069 686 2134 videtur
709 2067 871 2155 aequum?

180 2157 269 2226 Civis
292 2181 359 2226 non
383 2155 536 2244 Syriaeve
560 2157 769 2243 Parthiaeve,
860 2173 862 2176 ’

179 2247 249 2314 Nec
272 2247 311 2314 de
336 2246 539 2332 Cappadocis
563 2268 661 2332 eques
685 2246 832 2332 catastis,

179 2334 243 2402 Sed
266 2335 306 2402 de
329 2336 425 2422 plebe
449 2336 543 2402 Remi
566 2333 758 2421 Numaeque
780 2357 894 2422 verna,
1017 2363 1019 2366 ·

152 2425 359 2507 elmundus,
382 2426 518 2510 probus,
541 2425 696 2492 innocens
721 2425 857 2506 amicus,
899 2461 901 2464 ·
979 2455 1004 2492 .·

178 2513 310 2602 Lingua
332 2513 447 2580 doctus
470 2519 623 2598 utraque,
646 2511 736 2580 cuins
760 2535 861 2578 unum
884 2517 948 2600 est,
1029 2538 1030 2542 ¹

180 2601 245 2670 Sed
267 2619 425 2688 magnum
448 2602 579 2687 vitium,
603 2603 688 2687 quod
712 2605 763 2667 est
785 2605 905 2688 poeta,¹

146 2705 150 2713 '
178 2692 276 2759 Pullo
300 2691 447 2756 Maevius
472 2691 563 2778 alget
585 2690 619 2754 in
642 2691 783 2777 cucullo,
839 2776 841 2780 Ι

105 2794 107 2798 ’
179 2779 284 2850 (locco
308 2780 410 2846 mulio
434 2779 539 2866 fulget
563 2777 735 2846 Incitatus.
760 2801 775 2863 j

505 2945 507 2950 ·
563 2910 726 2977 LXXVII.

178 2999 325 3086 Nequius
345 3023 366 3068 a
384 2999 469 3069 Caro
488 3001 572 3068 nihil
596 3021 753 3088 unquam,
772 3000 927 3086 Maxime,
946 3002 1070 3069 luctum
1091 3007 1155 3083 est,

223 3089 328 3167 Quam
353 3091 439 3176 quod
461 3089 552 3157 febre
575 3095 677 3176 perit:
699 3089 778 3155 fecit
800 3093 834 3154 et
856 3091 915 3156 illa
938 3091 1040 3158 nefas.

174 3176 282 3246 'Saeva
304 3201 425 3248 nocens
447 3179 550 3246 febris
575 3181 694 3245 saltem
714 3183 875 3264 quartana
898 3179 1029 3247 fuisset!

223 3267 355 3335 Servari
377 3269 503 3336 medico
527 3269 640 3336 debuit
663 3269 720 3334 ille
744 3288 813 3332 suo.

492 3437 494 3441 ·
554 3400 736 3470 LXXVIII.

176 3489 246 3557 Ibis
269 3491 416 3575 litoreas,
439 3490 563 3576 Macer,
587 3490 740 3575 Salonas,

176 3579 246 3646 Ibit
268 3602 344 3646 rara
360 3580 447 3648 ‘fides
471 3601 627 3667 amorque
651 3579 732 3646 recti
