2528 4038
384 211 685 274 EPIGRAMMATON
703 213 772 274 um.
792 215 825 272 11.
1074 215 1118 282 59

516 431 698 499 LXXXIX.

139 535 236 612 Quod
260 537 364 604 nimio
389 537 510 624 gaudes
533 545 666 606 noctem
688 539 865 625 producere
888 537 978 620 vino,

183 623 340 710 Ignosco:
364 627 496 708 vitium,
520 625 643 714 Gaura,
666 627 800 696 Catonis
823 627 934 694 habes.

1 783 2 788 ,
138 711 297 780 Carmina
319 716 406 800 quod
430 717 545 783 scribis
569 717 671 784 Musis
697 722 730 784 et
752 715 907 802 Apolline
930 717 1037 801 nullo,

183 801 329 868 Laudari
354 803 467 870 debas:
490 806 553 872 hoe
578 805 744 874 Ciceronis
768 806 885 872 hebes:

109 891 237 969 eQuod
259 892 379 977 vomis,
401 893 539 960 Antoni:
564 897 650 982 quod
674 894 863 980 luxurieris,
886 893 992 980 Apici.

185 979 283 1057 Quod
304 979 415 1068 fellas,
438 984 556 1051 vitium
579 984 631 1050 dio
653 985 735 1050 mihi
758 983 848 1050 ouius
871 981 996 1048 habes?
1020 1066 1024 1074 Ι

468 1187 471 1192 ’
576 1177 644 1246 XO.

138 1282 359 1368 Quintiliane,
382 1305 486 1369 vagae
509 1285 696 1351 moderator
719 1305 844 1350 summo
867 1283 1032 1368 iuventae,

185 1371 301 1438 Gloria
322 1372 506 1458 Romanae,
530 1373 746 1458 Quintiliane,
767 1377 879 1459 togae,

138 1459 263 1526 Vivere
288 1462 374 1546 quod
396 1483 536 1546 propero
559 1484 685 1548 pauper
708 1483 767 1528 nea
789 1459 915 1527 inutilis
939 1459 1048 1544 anuis,

178 1549 239 1614 'Da
263 1550 404 1615 veniamt
427 1557 583 1635 properat
606 1551 714 1616 vivere
737 1571 832 1616 nemo
857 1549 946 1616 satis.

108 1637 284 1704 oDifferat
305 1639 380 1722 hoo,
403 1641 528 1723 patrios
553 1644 647 1726 optat
670 1639 725 1725 qui
747 1639 876 1704 vincere
900 1657 1015 1704 census

187 1727 348 1811 Atriaque
371 1728 542 1794 inmodicis
566 1733 654 1794 artat
675 1727 883 1814 imaginibus.

140 1816 197 1880 Me
220 1815 313 1880 focus
338 1819 371 1880 et
392 1817 504 1902 nigros
528 1839 594 1882 non
617 1816 821 1902 indignantia
843 1815 951 1880 fumos

188 1903 289 1969 Testa
311 1904 425 1970 iuvant
449 1909 483 1970 et
504 1905 580 1972 fons
603 1906 697 1971 uivus
721 1909 755 1970 et
776 1905 880 1970 herba
902 1903 1001 1968 rudis.
1123 1971 1124 1974 ,

140 1990 196 2058 Sit
219 1992 300 2059 mihi
323 2015 422 2059 verna
445 1998 549 2078 satur,
572 1994 704 2060 sitnon
729 1993 917 2059 doctissima
941 1991 1095 2074 coniunx,
1147 2007 1152 2013 ·

1 2155 2 2165 χ
90 2101 126 2149 10
188 2079 238 2147 Sit
260 2103 328 2147 nox
350 2104 423 2149 oum
448 2105 576 2168 somno,
599 2083 644 2148 sit
668 2083 736 2148 sine
760 2082 818 2148 lite
841 2079 938 2162 dies„

568 2275 654 2346 XOI.

141 2384 267 2451 Rerum
290 2389 378 2452 oerta
401 2385 504 2470 salus,
527 2388 688 2472 terrarum
711 2383 830 2469 gloria,
854 2380 987 2470 Caesar,
1026 2407 1027 2410 ¹
1149 2440 1160 2458 .,

189 2473 321 2559 Sospite
344 2496 407 2560 quo
432 2495 569 2559 magnos
594 2473 755 2540 eredimus
779 2495 849 2538 esse
873 2471 964 2558 deos,

141 2563 179 2630 Si
203 2563 367 2632 festinatis
391 2563 511 2628 totiens
535 2563 598 2628 tibi
620 2563 704 2629 leota
727 2561 848 2626 libellis

1 2731 2 2740 ἵ
188 2649 365 2717 Detinuere
389 2651 501 2717 oculos
524 2651 672 2718 earmina
693 2654 808 2716 nostra
830 2654 920 2735 tuos,

1 2759 2 2828 j
110 2741 238 2819 oQuod
260 2740 393 2806 fortuna
417 2743 506 2806 vetat
520 2740 613 2824 fiori,
635 2739 788 2824 permitte
810 2738 928 2824 videri,

1 2893 2 2898 ,
163 2817 354 2910 'Natorum
375 2830 506 2916 genitor
528 2829 640 2894 credar
662 2831 700 2893 ut
722 2849 792 2894 esse
814 2829 925 2896 trium.
982 2841 985 2846 ’

1 2925 2 2984 i
139 2919 248 3003 Haeo,
272 2917 301 2983 si
324 2917 488 3002 displicui,
509 2916 632 2983 fuerint
655 2917 779 2982 solacia
801 2915 911 3002 uobis3
973 2959 991 2968 -
1061 2921 1062 2924 ’

188 3005 278 3072 Haeo
301 3006 423 3073 fuerint
446 3007 542 3072 nobis
565 3007 727 3091 praemia,
750 3005 779 3070 si
801 3003 944 3090 placui

196 3267 201 3278 .
458 3171 461 3176 ’
560 3199 661 3268 xon.
675 3163 708 3240 ψ’

80 3321 83 3328 ’
138 3308 304 3377 Natorum
328 3311 410 3376 mihi
433 3311 484 3376 ius
507 3311 607 3376 trium
630 3308 760 3394 roganti

1 3433 2 3436 ¹
139 3399 309 3466 Musarum
332 3399 475 3484 pretium
498 3399 588 3466 dedit
610 3419 756 3464 mearum

141 3487 239 3555 Solus
264 3490 328 3574 qui·
343 3491 483 3575 poterat.
520 3487 670 3572 Valebis,
693 3507 784 3552 uxor.
894 3509 899 3516 ’

142 3578 221 3646 Non
244 3579 341 3646 debet
365 3577 489 3644 domini
511 3579 617 3663 perire
640 3593 766 3642 munus.
797 3581 812 3596 ’·
