2596 4034
443 137 742 196 nereasuunrou
761 137 826 194 na.
847 119 901 195 xj
1107 137 1170 203 227

196 297 285 366 Voce
309 306 346 367 ut
369 303 524 387 loquatur
546 303 705 388 psittacus
729 303 905 370 coturnicis
1007 373 1012 382 ,

195 388 241 454 nt
264 393 473 476 concupiscat
495 414 566 457 esse
591 391 699 458 Canus
724 391 894 457 ascaules?

20 557 24 564 ι
47 561 49 566 Ι
196 477 315 544 Procul
341 502 360 544 a
383 481 506 546 libellis
529 483 625 567 nigra
649 483 693 547 sit
715 481 797 546 meis
820 479 924 564 sarna,

41 598 49 650 j
155 583 185 632 ιο
198 566 286 644 Quos
310 591 422 634 rumor
446 571 523 635 alba
546 592 713 656 gemmeus
737 569 828 635 vehit
851 569 965 656 pinna:

197 658 263 722 Cur
285 679 346 742 ego
370 660 516 724 laborem
539 664 638 724 notus
662 681 732 726 csse
755 664 823 724 tam
847 679 960 745 prave,

197 743 358 812 Constare
382 749 485 834 gratis
510 770 583 814 eum
607 749 774 814 silentium
797 749 925 833 possit?

20 961 51 1043 ,⁴
173 965 258 1043 Qui
281 968 365 1053 legis
389 969 578 1057 Oedipoden
600 880 863 1055 caligantemque
886 969 1066 1054 Thyesten,

46 1065 49 1076 ⁴
241 1054 416 1124 Colchidas
440 1065 475 1125 et
498 1058 638 1145 Scyllas,
663 1059 741 1145 quid
764 1059 828 1124 nisi
852 1063 1000 1124 monstra
1022 1055 1127 1144 legis?

197 1144 281 1222 Quid
295 1147 358 1211 tibi
376 1154 491 1234 raptus
506 1147 626 1233 Hylas,
641 1149 718 1232 quid
732 1147 1000 1232 Parthenopaeus
1021 1150 1053 1212 et
1068 1145 1170 1229 Attis,

242 1233 325 1310 Quid
348 1237 410 1302 tibi
433 1238 594 1304 dormitor
616 1237 762 1322 proderit
785 1235 996 1321 Endymion?

171 1322 366 1400 tExutusve
389 1349 470 1410 puer
492 1327 602 1411 pinnis
618 1326 836 1400 labentibus?
861 1329 918 1390 aut
940 1324 997 1410 qui

242 1411 320 1478 Odit
343 1417 516 1481 amatrices
540 1414 837 1499 Hermaphroditus
861 1414 985 1498 aquas?

198 1499 282 1578 Quid
306 1507 340 1586 te
362 1526 447 1568 vana
469 1504 585 1569 iuvant
608 1505 745 1569 miserae
769 1503 911 1568 ludibria
934 1501 1090 1568 chartae?

240 1589 313 1656 Hoc
337 1592 423 1677 lege,
446 1593 533 1678 quod
556 1594 662 1677 possit
685 1593 790 1658 dicere
814 1593 883 1656 vita
906 1591 1034 1675 „Meum
1057 1590 1135 1657 est.“
1250 1615 1251 1618 ¹

45 1711 50 1763 l
195 1676 272 1744 Non
294 1680 349 1745 hic
373 1679 567 1766 Centauros,
590 1703 655 1746 non
679 1681 851 1766 Gorgonas
875 1679 1103 1766 Harpyiasque

30 1776 49 1860 'y
153 1783 186 1832 10
239 1767 405 1834 Invenies:
428 1771 596 1835 hominem
620 1772 742 1856 pagina
765 1777 877 1836 nostra
900 1771 1019 1854 sapit·

197 1854 261 1922 Sed
284 1879 350 1922 non
373 1859 437 1942 vis,
460 1859 640 1944 Mamurra,
663 1865 738 1924 tuos
762 1881 958 1944 cognoscere
981 1879 1089 1924 mores

27 1959 48 2040 ¹,
239 1943 310 2012 Nee
333 1949 367 2011 te
391 1949 487 2013 scire:
510 1949 602 2034 legas
628 1950 725 2014 Actia
748 1946 950 2013 Callimachi.

642 2077 683 2146 V.

197 2165 352 2253 Quisquis
377 2167 522 2233 stolaeve
546 2190 751 2255 purpuraeve
774 2171 996 2255 contemptor,

196 2256 284 2332 Quos
309 2257 416 2322 colere
440 2255 548 2340 debet,
572 2258 670 2322 laesit
693 2257 794 2341 impio
818 2279 929 2343 versu,
1100 2269 1101 2272 ’

195 2345 295 2410 Erret
316 2368 376 2431 per
398 2347 513 2419 urbem
536 2347 652 2430 pontis·
671 2345 745 2412 exul
768 2349 802 2410 et
825 2347 916 2433 clivi,

194 2433 350 2518 Interque
373 2456 488 2500 raucos
512 2435 649 2500 ultimus
673 2438 843 2522 rogatores
973 2481 975 2484 -

168 2522 276 2588 aOret
298 2524 431 2588 caninas
454 2523 549 2608 panis
573 2523 716 2608 impmbi
739 2524 871 2610 buccas3

194 2611 251 2676 Illi
273 2611 454 2677 December
478 2613 597 2698 longus
622 2617 655 2676 et
677 2613 810 2678 madens
834 2614 951 2678 bruma
1082 2619 1087 2625 ’

194 2698 377 2785 Clususque
401 2701 511 2767 fornix
534 2703 630 2766 triste
653 2701 758 2788 frigus
782 2702 950 2768 extendat:

193 2788 300 2855 Vocet
323 2791 436 2856 beatos
461 2790 672 2875 clamitetque
696 2789 821 2875 felices,

194 2877 372 2944 Orciniana
395 2879 450 2964 qui
473 2879 621 2944 feruntur
644 2879 835 2963 insponda.

1 2969 26 3016 l·
150 2984 183 3034 ιο
195 2969 242 3033 At
265 2990 339 3034 eum
362 2990 535 3053 supremae
558 2968 616 3034 fila
639 2967 787 3032 venerint
809 2967 910 3032 horae

194 3055 338 3142 Diesque
361 3057 490 3142 tardus,
514 3058 635 3140 sentiat
658 3078 774 3123 canum
798 3057 892 3121 litem

194 3147 383 3232 Abigatque
405 3151 497 3212 moto
520 3147 635 3212 noxias
659 3166 735 3210 aves
757 3166 875 3230 panno.

193 3234 263 3300 Nec
286 3235 444 3300 finiantur
467 3239 572 3300 morte
597 3233 752 3320 supplicis
776 3255 912 3317 poenae,
963 3279 965 3282 -

129 3366 133 3373 -
195 3323 258 3389 Sed
282 3324 379 3390 modo
403 3325 508 3390 severi
532 3329 638 3390 sectus
662 3323 763 3388 Aeaci
785 3322 880 3406 loris,

151 3412 291 3480 15Nune
314 3413 453 3498 inquieti
477 3418 588 3478 monte
612 3409 742 3497 Sisyphi
765 3432 912 3496 pressus,
943 3445 944 3448 ¹

194 3502 290 3569 Nunc
313 3503 399 3568 inter
422 3502 527 3568 undas
552 3503 678 3590 garruli
701 3502 788 3566 senis
812 3501 917 3566 siccus

701 3600 703 3602 ¹
955 3599 1009 3658 15*
