<?xml version="1.0" encoding="UTF-8"?>
<!DOCTYPE html PUBLIC "-//W3C//DTD XHTML 1.0 Transitional//EN"
    "http://www.w3.org/TR/xhtml1/DTD/xhtml1-transitional.dtd">
<html xmlns="http://www.w3.org/1999/xhtml" xml:lang="en" lang="en">
 <head>
  <title>
</title>
<meta http-equiv="Content-Type" content="text/html;charset=utf-8" />
  <meta name='ocr-system' content='tesseract 3.04.00' />
  <meta name='ocr-capabilities' content='ocr_page ocr_carea ocr_par ocr_line ocrx_word'/>
</head>
<body>
  <div class='ocr_page' id='page_1' title='image "./epigrammatonlib03martgoog_0359.png"; bbox 0 0 2596 4032; ppageno 0'>
   <div class='ocr_carea' id='block_1_1' title="bbox 501 297 946 427">
    <p class='ocr_par' dir='ltr' id='par_1_1' title="bbox 501 297 946 427">
     <span class='ocr_line' id='line_1_1' title="bbox 501 297 946 427; baseline -0.009 -14"><span class='ocrx_word' id='word_1_1' title='bbox 501 343 553 413; x_wconf 85' lang='lat'><strong>01.</strong></span> <span class='ocrx_word' id='word_1_2' title='bbox 577 343 686 414; x_wconf 81' lang='lat' dir='ltr'><strong>Oleum</strong></span> <span class='ocrx_word' id='word_1_3' title='bbox 703 297 946 427; x_wconf 28' lang='lat' dir='ltr'><strong>&#39;Venafranums</strong></span> 
     </span>
    </p>
   </div>
   <div class='ocr_carea' id='block_1_2' title="bbox 249 440 1090 621">
    <p class='ocr_par' dir='ltr' id='par_1_2' title="bbox 249 440 1090 621">
     <span class='ocr_line' id='line_1_2' title="bbox 249 440 1021 530; baseline -0.008 -19"><span class='ocrx_word' id='word_1_4' title='bbox 249 443 322 512; x_wconf 80' lang='lat' dir='ltr'><strong>Hoc</strong></span> <span class='ocrx_word' id='word_1_5' title='bbox 345 443 409 510; x_wconf 88' lang='lat' dir='ltr'><strong>tibi</strong></span> <span class='ocrx_word' id='word_1_6' title='bbox 431 441 590 530; x_wconf 86' lang='lat' dir='ltr'><strong>Campani</strong></span> <span class='ocrx_word' id='word_1_7' title='bbox 615 443 744 509; x_wconf 85' lang='lat' dir='ltr'><strong>sudavit</strong></span> <span class='ocrx_word' id='word_1_8' title='bbox 766 443 849 509; x_wconf 81' lang='lat' dir='ltr'><strong>baca</strong></span> <span class='ocrx_word' id='word_1_9' title='bbox 871 440 1021 508; x_wconf 78' lang='lat' dir='ltr'><strong>Venafri:</strong></span> 
     </span>
     <span class='ocr_line' id='line_1_3' title="bbox 294 529 1090 621; baseline -0.008 -21"><span class='ocrx_word' id='word_1_10' title='bbox 294 531 508 621; x_wconf 74' lang='lat' dir='ltr'>Unguentum</span> <span class='ocrx_word' id='word_1_11' title='bbox 533 534 686 620; x_wconf 89' lang='lat' dir='ltr'><strong>quotiens</strong></span> <span class='ocrx_word' id='word_1_12' title='bbox 709 531 823 616; x_wconf 86' lang='lat' dir='ltr'><strong>sumis,</strong></span> <span class='ocrx_word' id='word_1_13' title='bbox 847 536 880 597; x_wconf 90' lang='lat' dir='ltr'><strong>et</strong></span> <span class='ocrx_word' id='word_1_14' title='bbox 902 531 989 598; x_wconf 85' lang='lat' dir='ltr'><strong>istud</strong></span> <span class='ocrx_word' id='word_1_15' title='bbox 1013 529 1090 596; x_wconf 89' lang='lat' dir='ltr'><strong>olet.</strong></span> 
     </span>
    </p>
   </div>
   <div class='ocr_carea' id='block_1_3' title="bbox 207 180 895 250">
    <p class='ocr_par' dir='ltr' id='par_1_3' title="bbox 207 7 1288 548">
     <span class='ocr_line' id='line_1_4' title="bbox 207 180 895 250; baseline 0 -12"><span class='ocrx_word' id='word_1_16' title='bbox 207 184 274 250; x_wconf 83' lang='lat'><strong>318</strong></span> <span class='ocrx_word' id='word_1_17' title='bbox 538 181 576 240; x_wconf 78' lang='lat' dir='ltr'><strong>ll.</strong></span> <span class='ocrx_word' id='word_1_18' title='bbox 595 180 677 240; x_wconf 76' lang='lat' dir='ltr'><strong>Van.</strong></span> <span class='ocrx_word' id='word_1_19' title='bbox 696 180 895 238; x_wconf 71' lang='lat' dir='ltr'><strong>manneus</strong></span> 
     </span>
    </p>
   </div>
   <div class='ocr_carea' id='block_1_4' title="bbox 516 657 1110 741">
    <p class='ocr_par' dir='ltr' id='par_1_4' title="bbox 516 657 1110 741">
     <span class='ocr_line' id='line_1_5' title="bbox 516 657 1110 741; baseline 0 -1"><span class='ocrx_word' id='word_1_20' title='bbox 516 672 585 740; x_wconf 82' lang='lat'><em>011.</em></span> <span class='ocrx_word' id='word_1_21' title='bbox 609 673 733 740; x_wconf 79' lang='lat' dir='ltr'><strong>Garum</strong></span> <span class='ocrx_word' id='word_1_22' title='bbox 755 675 928 741; x_wconf 69' lang='lat' dir='ltr'><strong>saetosam:</strong></span> <span class='ocrx_word' id='word_1_23' title='bbox 1020 701 1025 707; x_wconf 94' lang='lat'><em>·</em></span> <span class='ocrx_word' id='word_1_24' title='bbox 1109 657 1110 660; x_wconf 23' lang='lat'>¹</span> 
     </span>
    </p>
   </div>
   <div class='ocr_carea' id='block_1_5' title="bbox 189 769 1145 948">
    <p class='ocr_par' dir='ltr' id='par_1_5' title="bbox 189 769 1145 948">
     <span class='ocr_line' id='line_1_6' title="bbox 189 769 1114 859; baseline -0.006 -20"><span class='ocrx_word' id='word_1_25' title='bbox 189 825 192 829; x_wconf 85' lang='lat'>.</span> <span class='ocrx_word' id='word_1_26' title='bbox 249 771 442 858; x_wconf 76' lang='lat' dir='ltr'>Expirantis</span> <span class='ocrx_word' id='word_1_27' title='bbox 466 771 570 838; x_wconf 83' lang='lat' dir='ltr'><strong>adhue</strong></span> <span class='ocrx_word' id='word_1_28' title='bbox 594 769 737 837; x_wconf 84' lang='lat' dir='ltr'><strong>scombri</strong></span> <span class='ocrx_word' id='word_1_29' title='bbox 760 770 799 836; x_wconf 88' lang='lat' dir='ltr'><strong>de</strong></span> <span class='ocrx_word' id='word_1_30' title='bbox 823 770 981 859; x_wconf 82' lang='lat' dir='ltr'><strong>sanguine</strong></span> <span class='ocrx_word' id='word_1_31' title='bbox 1004 769 1114 854; x_wconf 86' lang='lat' dir='ltr'><strong>primo</strong></span> 
     </span>
     <span class='ocr_line' id='line_1_7' title="bbox 295 859 1145 948; baseline -0.005 -20"><span class='ocrx_word' id='word_1_32' title='bbox 295 861 416 948; x_wconf 83' lang='lat' dir='ltr'><strong>Aoeipe</strong></span> <span class='ocrx_word' id='word_1_33' title='bbox 439 859 614 944; x_wconf 85' lang='lat' dir='ltr'><strong>fastosum,</strong></span> <span class='ocrx_word' id='word_1_34' title='bbox 637 880 773 925; x_wconf 88' lang='lat' dir='ltr'><strong>munera</strong></span> <span class='ocrx_word' id='word_1_35' title='bbox 796 881 885 945; x_wconf 85' lang='lat' dir='ltr'><strong>cara,</strong></span> <span class='ocrx_word' id='word_1_36' title='bbox 908 881 1033 946; x_wconf 81' lang='lat' dir='ltr'><strong>garum.</strong></span> <span class='ocrx_word' id='word_1_37' title='bbox 1140 867 1145 874; x_wconf 89' lang='grc'><strong>’</strong></span> 
     </span>
    </p>
   </div>
   <div class='ocr_carea' id='block_1_6' title="bbox 250 998 1078 1272">
    <p class='ocr_par' dir='ltr' id='par_1_6' title="bbox 250 998 1078 1272">
     <span class='ocr_line' id='line_1_8' title="bbox 372 998 999 1097; baseline 0.002 -30"><span class='ocrx_word' id='word_1_38' title='bbox 372 1049 378 1056; x_wconf 90' lang='grc'>-</span> <span class='ocrx_word' id='word_1_39' title='bbox 457 1050 460 1097; x_wconf 71' lang='lat'><em>3</em></span> <span class='ocrx_word' id='word_1_40' title='bbox 505 998 591 1067; x_wconf 83' lang='lat' dir='ltr'><strong>OlIL</strong></span> <span class='ocrx_word' id='word_1_41' title='bbox 614 1001 778 1086; x_wconf 78' lang='lat' dir='ltr'><strong>Anspbora</strong></span> <span class='ocrx_word' id='word_1_42' title='bbox 800 1002 931 1068; x_wconf 79' lang='lat' dir='ltr'><strong>muriae.</strong></span> <span class='ocrx_word' id='word_1_43' title='bbox 995 1053 999 1058; x_wconf 87' lang='lat'>.</span> 
     </span>
     <span class='ocr_line' id='line_1_9' title="bbox 250 1097 974 1186; baseline -0.001 -21"><span class='ocrx_word' id='word_1_44' title='bbox 250 1097 487 1186; x_wconf 71' lang='lat' dir='ltr'><strong>Antipolitani,</strong></span> <span class='ocrx_word' id='word_1_45' title='bbox 509 1097 630 1182; x_wconf 88' lang='lat' dir='ltr'><strong>fateor,</strong></span> <span class='ocrx_word' id='word_1_46' title='bbox 653 1121 734 1164; x_wconf 88' lang='lat' dir='ltr'><strong>sum·</strong></span> <span class='ocrx_word' id='word_1_47' title='bbox 749 1099 818 1164; x_wconf 86' lang='lat' dir='ltr'><strong>filia</strong></span> <span class='ocrx_word' id='word_1_48' title='bbox 841 1097 974 1184; x_wconf 79' lang='lat' dir='ltr'><strong>thynni:</strong></span> 
     </span>
     <span class='ocr_line' id='line_1_10' title="bbox 295 1187 1078 1272; baseline -0.005 -17"><span class='ocrx_word' id='word_1_49' title='bbox 295 1188 413 1256; x_wconf 79' lang='lat' dir='ltr'><strong>Essem</strong></span> <span class='ocrx_word' id='word_1_50' title='bbox 437 1187 465 1254; x_wconf 86' lang='lat' dir='ltr'><strong>si</strong></span> <span class='ocrx_word' id='word_1_51' title='bbox 489 1187 645 1272; x_wconf 81' lang='lat' dir='ltr'><strong>scombri,</strong></span> <span class='ocrx_word' id='word_1_52' title='bbox 667 1209 734 1254; x_wconf 90' lang='lat' dir='ltr'><strong>non</strong></span> <span class='ocrx_word' id='word_1_53' title='bbox 756 1187 820 1252; x_wconf 90' lang='lat' dir='ltr'><strong>tibi</strong></span> <span class='ocrx_word' id='word_1_54' title='bbox 843 1187 944 1254; x_wconf 88' lang='lat' dir='ltr'><strong>missa</strong></span> <span class='ocrx_word' id='word_1_55' title='bbox 965 1187 1078 1253; x_wconf 88' lang='lat' dir='ltr'><strong>forem.</strong></span> 
     </span>
    </p>
   </div>
   <div class='ocr_carea' id='block_1_7' title="bbox 545 1326 889 1396">
    <p class='ocr_par' dir='ltr' id='par_1_7' title="bbox 545 1326 889 1396">
     <span class='ocr_line' id='line_1_11' title="bbox 545 1326 889 1396; baseline 0 0"><span class='ocrx_word' id='word_1_56' title='bbox 545 1326 628 1396; x_wconf 80' lang='lat' dir='ltr'><strong>clv.</strong></span> <span class='ocrx_word' id='word_1_57' title='bbox 650 1329 719 1396; x_wconf 84' lang='lat' dir='ltr'><strong>Mel</strong></span> <span class='ocrx_word' id='word_1_58' title='bbox 740 1327 889 1396; x_wconf 77' lang='lat' dir='ltr'><strong>Attieum.</strong></span> 
     </span>
    </p>
   </div>
   <div class='ocr_carea' id='block_1_8' title="bbox 221 1423 1150 1602">
    <p class='ocr_par' dir='ltr' id='par_1_8' title="bbox 221 1423 1150 1602">
     <span class='ocr_line' id='line_1_12' title="bbox 221 1423 1150 1512; baseline 0 -20"><span class='ocrx_word' id='word_1_59' title='bbox 221 1455 223 1460; x_wconf 95' lang='lat'>·</span> <span class='ocrx_word' id='word_1_60' title='bbox 251 1425 325 1492; x_wconf 87' lang='lat' dir='ltr'><strong>Hoe</strong></span> <span class='ocrx_word' id='word_1_61' title='bbox 347 1425 410 1500; x_wconf 91' lang='lat' dir='ltr'><strong>tibi</strong></span> <span class='ocrx_word' id='word_1_62' title='bbox 434 1425 553 1492; x_wconf 82' lang='lat' dir='ltr'><strong>Thesei</strong></span> <span class='ocrx_word' id='word_1_63' title='bbox 575 1427 766 1512; x_wconf 75' lang='lat' dir='ltr'><strong>populatrix</strong></span> <span class='ocrx_word' id='word_1_64' title='bbox 788 1427 879 1492; x_wconf 90' lang='lat' dir='ltr'><strong>misit</strong></span> <span class='ocrx_word' id='word_1_65' title='bbox 900 1423 1050 1512; x_wconf 84' lang='lat' dir='ltr'><strong>Hymetti</strong></span> <span class='ocrx_word' id='word_1_66' title='bbox 1146 1433 1150 1439; x_wconf 87' lang='grc'><em>“</em></span> 
     </span>
     <span class='ocr_line' id='line_1_13' title="bbox 296 1515 980 1602; baseline -0.001 -21"><span class='ocrx_word' id='word_1_67' title='bbox 296 1515 450 1581; x_wconf 82' lang='lat' dir='ltr'><strong>Pallados</strong></span> <span class='ocrx_word' id='word_1_68' title='bbox 475 1537 494 1581; x_wconf 92' lang='lat' dir='ltr'><strong>a</strong></span> <span class='ocrx_word' id='word_1_69' title='bbox 518 1515 609 1581; x_wconf 83' lang='lat' dir='ltr'><strong>silvis</strong></span> <span class='ocrx_word' id='word_1_70' title='bbox 631 1515 742 1582; x_wconf 79' lang='lat' dir='ltr'><strong>nobile</strong></span> <span class='ocrx_word' id='word_1_71' title='bbox 765 1519 878 1582; x_wconf 83' lang='lat' dir='ltr'><strong>nectar</strong></span> <span class='ocrx_word' id='word_1_72' title='bbox 899 1516 980 1602; x_wconf 89' lang='lat' dir='ltr'><strong>apis.</strong></span> 
     </span>
    </p>
   </div>
   <div class='ocr_carea' id='block_1_9' title="bbox 252 1654 1177 1970">
    <p class='ocr_par' dir='ltr' id='par_1_9' title="bbox 252 1654 1177 1970">
     <span class='ocr_line' id='line_1_14' title="bbox 564 1654 868 1724; baseline -0.003 0"><span class='ocrx_word' id='word_1_73' title='bbox 564 1654 631 1724; x_wconf 84' lang='lat' dir='ltr'><strong>OV.</strong></span> <span class='ocrx_word' id='word_1_74' title='bbox 653 1656 739 1723; x_wconf 84' lang='lat' dir='ltr'><strong>Favi</strong></span> <span class='ocrx_word' id='word_1_75' title='bbox 760 1655 868 1724; x_wconf 76' lang='lat' dir='ltr'><strong>Siculi</strong></span> 
     </span>
     <span class='ocr_line' id='line_1_15' title="bbox 252 1759 1177 1848; baseline 0 -20"><span class='ocrx_word' id='word_1_76' title='bbox 252 1759 336 1828; x_wconf 82' lang='lat' dir='ltr'><strong>Cum</strong></span> <span class='ocrx_word' id='word_1_77' title='bbox 358 1761 484 1829; x_wconf 84' lang='lat' dir='ltr'><strong>dederis</strong></span> <span class='ocrx_word' id='word_1_78' title='bbox 507 1759 633 1828; x_wconf 78' lang='lat' dir='ltr'><strong>Siculos</strong></span> <span class='ocrx_word' id='word_1_79' title='bbox 657 1762 782 1829; x_wconf 89' lang='lat' dir='ltr'><strong>mediae</strong></span> <span class='ocrx_word' id='word_1_80' title='bbox 805 1763 844 1828; x_wconf 94' lang='lat' dir='ltr'><strong>de</strong></span> <span class='ocrx_word' id='word_1_81' title='bbox 867 1761 1005 1830; x_wconf 76' lang='lat' dir='ltr'><strong>collibus</strong></span> <span class='ocrx_word' id='word_1_82' title='bbox 1027 1759 1177 1848; x_wconf 82' lang='lat' dir='ltr'><strong>Hyblae,</strong></span> 
     </span>
     <span class='ocr_line' id='line_1_16' title="bbox 298 1848 962 1970; baseline 0.001 -53"><span class='ocrx_word' id='word_1_83' title='bbox 298 1848 472 1960; x_wconf 81' lang='lat' dir='ltr'><strong>Cecropios</strong></span> <span class='ocrx_word' id='word_1_84' title='bbox 497 1851 584 1970; x_wconf 86' lang='lat' dir='ltr'><strong>dicas</strong></span> <span class='ocrx_word' id='word_1_85' title='bbox 608 1855 643 1916; x_wconf 91' lang='lat' dir='ltr'><strong>tu</strong></span> <span class='ocrx_word' id='word_1_86' title='bbox 667 1849 744 1918; x_wconf 86' lang='lat' dir='ltr'><strong>lieet</strong></span> <span class='ocrx_word' id='word_1_87' title='bbox 767 1873 837 1918; x_wconf 87' lang='lat' dir='ltr'><strong>essa</strong></span> <span class='ocrx_word' id='word_1_88' title='bbox 860 1851 962 1960; x_wconf 84' lang='lat' dir='ltr'><strong>favos.</strong></span> 
     </span>
    </p>
   </div>
   <div class='ocr_carea' id='block_1_10' title="bbox 591 1990 842 2060">
    <p class='ocr_par' dir='ltr' id='par_1_10' title="bbox 591 1953 842 2060">
     <span class='ocr_line' id='line_1_17' title="bbox 591 1990 842 2060; baseline -0.004 0"><span class='ocrx_word' id='word_1_89' title='bbox 591 1990 679 2060; x_wconf 76' lang='lat' dir='ltr'><strong>ovs</strong></span> <span class='ocrx_word' id='word_1_90' title='bbox 696 1991 842 2060; x_wconf 67' lang='lat' dir='ltr'><strong>Passum.</strong></span> 
     </span>
    </p>
   </div>
   <div class='ocr_carea' id='block_1_11' title="bbox 254 2097 1130 2276">
    <p class='ocr_par' dir='ltr' id='par_1_11' title="bbox 254 2097 1130 2276">
     <span class='ocr_line' id='line_1_18' title="bbox 254 2097 990 2184; baseline -0.001 -19"><span class='ocrx_word' id='word_1_91' title='bbox 254 2097 377 2165; x_wconf 84' lang='lat' dir='ltr'><strong>Gnosia</strong></span> <span class='ocrx_word' id='word_1_92' title='bbox 399 2098 529 2166; x_wconf 85' lang='lat' dir='ltr'><strong>Minoae</strong></span> <span class='ocrx_word' id='word_1_93' title='bbox 553 2100 666 2184; x_wconf 85' lang='lat' dir='ltr'><strong>genuit</strong></span> <span class='ocrx_word' id='word_1_94' title='bbox 688 2099 851 2166; x_wconf 79' lang='lat' dir='ltr'><strong>vindemia</strong></span> <span class='ocrx_word' id='word_1_95' title='bbox 874 2097 990 2166; x_wconf 79' lang='lat' dir='ltr'><strong>Cretae</strong></span> 
     </span>
     <span class='ocr_line' id='line_1_19' title="bbox 297 2185 1130 2276; baseline 0.001 -22"><span class='ocrx_word' id='word_1_96' title='bbox 297 2187 370 2254; x_wconf 87' lang='lat' dir='ltr'><strong>Hoo</strong></span> <span class='ocrx_word' id='word_1_97' title='bbox 392 2189 467 2274; x_wconf 89' lang='lat' dir='ltr'><strong>tibi,</strong></span> <span class='ocrx_word' id='word_1_98' title='bbox 491 2188 578 2276; x_wconf 89' lang='lat' dir='ltr'><strong>quod</strong></span> <span class='ocrx_word' id='word_1_99' title='bbox 600 2186 743 2254; x_wconf 89' lang='lat' dir='ltr'><strong>mulsum</strong></span> <span class='ocrx_word' id='word_1_100' title='bbox 765 2189 918 2275; x_wconf 86' lang='lat' dir='ltr'><strong>pauperis</strong></span> <span class='ocrx_word' id='word_1_101' title='bbox 942 2185 1011 2254; x_wconf 86' lang='lat' dir='ltr'><strong>esse</strong></span> <span class='ocrx_word' id='word_1_102' title='bbox 1035 2188 1130 2255; x_wconf 82' lang='lat' dir='ltr'><strong>solet</strong></span> 
     </span>
    </p>
   </div>
   <div class='ocr_carea' id='block_1_12' title="bbox 577 2327 854 2396">
    <p class='ocr_par' dir='ltr' id='par_1_12' title="bbox 577 2327 854 2396">
     <span class='ocr_line' id='line_1_20' title="bbox 577 2327 854 2396; baseline -0.007 0"><span class='ocrx_word' id='word_1_103' title='bbox 577 2327 677 2396; x_wconf 68' lang='grc' dir='ltr'><strong>(ΝΠ.</strong></span> <span class='ocrx_word' id='word_1_104' title='bbox 699 2328 854 2396; x_wconf 77' lang='lat' dir='ltr'><strong>Picatum.</strong></span> 
     </span>
    </p>
   </div>
   <div class='ocr_carea' id='block_1_13' title="bbox 168 2423 1014 2611">
    <p class='ocr_par' dir='ltr' id='par_1_13' title="bbox 168 2423 1014 2611">
     <span class='ocr_line' id='line_1_21' title="bbox 169 2423 1008 2522; baseline 0 -22"><span class='ocrx_word' id='word_1_105' title='bbox 169 2423 172 2428; x_wconf 42' lang='lat'>¹</span> <span class='ocrx_word' id='word_1_106' title='bbox 252 2432 343 2519; x_wconf 82' lang='lat' dir='ltr'><strong>Haeo</strong></span> <span class='ocrx_word' id='word_1_107' title='bbox 367 2434 406 2500; x_wconf 92' lang='lat' dir='ltr'><strong>de</strong></span> <span class='ocrx_word' id='word_1_108' title='bbox 429 2433 564 2500; x_wconf 82' lang='lat' dir='ltr'><strong>vitifera</strong></span> <span class='ocrx_word' id='word_1_109' title='bbox 584 2435 712 2500; x_wconf 83' lang='lat' dir='ltr'><strong>venisse</strong></span> <span class='ocrx_word' id='word_1_110' title='bbox 735 2435 846 2522; x_wconf 86' lang='lat' dir='ltr'><strong>picata</strong></span> <span class='ocrx_word' id='word_1_111' title='bbox 867 2433 1008 2503; x_wconf 86' lang='lat' dir='ltr'><strong>Vienna.</strong></span> 
     </span>
     <span class='ocr_line' id='line_1_22' title="bbox 168 2521 1014 2611; baseline 0.004 -23"><span class='ocrx_word' id='word_1_112' title='bbox 168 2575 171 2581; x_wconf 90' lang='lat'>.</span> <span class='ocrx_word' id='word_1_113' title='bbox 238 2523 255 2556; x_wconf 72' lang='lat'><strong>‘³</strong></span> <span class='ocrx_word' id='word_1_114' title='bbox 296 2521 348 2588; x_wconf 89' lang='lat' dir='ltr'><strong>Ne</strong></span> <span class='ocrx_word' id='word_1_115' title='bbox 371 2523 513 2609; x_wconf 80' lang='lat' dir='ltr'><strong>dubites,</strong></span> <span class='ocrx_word' id='word_1_116' title='bbox 536 2523 626 2589; x_wconf 86' lang='lat' dir='ltr'><strong>misit</strong></span> <span class='ocrx_word' id='word_1_117' title='bbox 648 2523 807 2590; x_wconf 87' lang='lat' dir='ltr'><strong>Romulus</strong></span> <span class='ocrx_word' id='word_1_118' title='bbox 830 2525 901 2611; x_wconf 84' lang='lat' dir='ltr'><strong>ipse</strong></span> <span class='ocrx_word' id='word_1_119' title='bbox 924 2525 1014 2592; x_wconf 88' lang='lat' dir='ltr'><strong>mihi.</strong></span> 
     </span>
    </p>
   </div>
   <div class='ocr_carea' id='block_1_14' title="bbox 570 2662 864 2734">
    <p class='ocr_par' dir='ltr' id='par_1_14' title="bbox 570 2662 864 2734">
     <span class='ocr_line' id='line_1_23' title="bbox 570 2662 864 2734; baseline 0.007 -2"><span class='ocrx_word' id='word_1_120' title='bbox 570 2662 686 2732; x_wconf 82' lang='lat' dir='ltr'><strong>ovlss.</strong></span> <span class='ocrx_word' id='word_1_121' title='bbox 710 2665 864 2734; x_wconf 66' lang='lat' dir='ltr'><strong>incisum.</strong></span> 
     </span>
    </p>
   </div>
   <div class='ocr_carea' id='block_1_15' title="bbox 79 2755 1074 2946">
    <p class='ocr_par' dir='ltr' id='par_1_15' title="bbox 79 2755 1074 2946">
     <span class='ocr_line' id='line_1_24' title="bbox 79 2755 1074 2839; baseline 0 -2"><span class='ocrx_word' id='word_1_122' title='bbox 79 2755 83 2760; x_wconf 44' lang='grc'><strong>’</strong></span> <span class='ocrx_word' id='word_1_123' title='bbox 254 2773 366 2838; x_wconf 85' lang='lat' dir='ltr'><strong>Attica</strong></span> <span class='ocrx_word' id='word_1_124' title='bbox 387 2775 573 2838; x_wconf 83' lang='lat' dir='ltr'><strong>nectareum</strong></span> <span class='ocrx_word' id='word_1_125' title='bbox 597 2769 740 2838; x_wconf 84' lang='lat' dir='ltr'><strong>turbatis</strong></span> <span class='ocrx_word' id='word_1_126' title='bbox 763 2773 863 2839; x_wconf 88' lang='lat' dir='ltr'><strong>mella</strong></span> <span class='ocrx_word' id='word_1_127' title='bbox 883 2771 1074 2839; x_wconf 83' lang='lat' dir='ltr'><strong>Falernum.¹</strong></span> 
     </span>
     <span class='ocr_line' id='line_1_25' title="bbox 180 2859 1038 2946; baseline 0 -20"><span class='ocrx_word' id='word_1_128' title='bbox 180 2863 183 2868; x_wconf 83' lang='grc'><strong>’</strong></span> <span class='ocrx_word' id='word_1_129' title='bbox 297 2860 428 2926; x_wconf 74' lang='lat' dir='ltr'><strong>Misceri</strong></span> <span class='ocrx_word' id='word_1_130' title='bbox 451 2859 543 2926; x_wconf 88' lang='lat' dir='ltr'><strong>decet</strong></span> <span class='ocrx_word' id='word_1_131' title='bbox 567 2859 628 2926; x_wconf 89' lang='lat' dir='ltr'><strong>hoo</strong></span> <span class='ocrx_word' id='word_1_132' title='bbox 652 2883 671 2926; x_wconf 88' lang='lat' dir='ltr'><strong>a</strong></span> <span class='ocrx_word' id='word_1_133' title='bbox 694 2859 882 2946; x_wconf 84' lang='lat' dir='ltr'><strong>Ganymede</strong></span> <span class='ocrx_word' id='word_1_134' title='bbox 905 2883 1038 2928; x_wconf 87' lang='lat' dir='ltr'><strong>merum.</strong></span> 
     </span>
    </p>
   </div>
   <div class='ocr_carea' id='block_1_16' title="bbox 577 2999 853 3070">
    <p class='ocr_par' dir='ltr' id='par_1_16' title="bbox 577 2999 853 3070">
     <span class='ocr_line' id='line_1_26' title="bbox 577 2999 853 3070; baseline 0 -2"><span class='ocrx_word' id='word_1_135' title='bbox 577 2999 661 3068; x_wconf 82' lang='lat' dir='ltr'>CIX.</span> <span class='ocrx_word' id='word_1_136' title='bbox 684 3003 853 3070; x_wconf 77' lang='lat' dir='ltr'><strong>Albanum.</strong></span> 
     </span>
    </p>
   </div>
   <div class='ocr_carea' id='block_1_17' title="bbox 252 3106 991 3285">
    <p class='ocr_par' dir='ltr' id='par_1_17' title="bbox 252 3106 991 3285">
     <span class='ocr_line' id='line_1_27' title="bbox 252 3106 991 3177; baseline -0.004 -1"><span class='ocrx_word' id='word_1_137' title='bbox 252 3109 324 3176; x_wconf 90' lang='lat' dir='ltr'><strong>Hoo</strong></span> <span class='ocrx_word' id='word_1_138' title='bbox 347 3110 386 3176; x_wconf 90' lang='lat' dir='ltr'><strong>de</strong></span> <span class='ocrx_word' id='word_1_139' title='bbox 409 3106 577 3177; x_wconf 81' lang='lat' dir='ltr'><strong>Caesareis</strong></span> <span class='ocrx_word' id='word_1_140' title='bbox 601 3109 691 3174; x_wconf 91' lang='lat' dir='ltr'><strong>mitis</strong></span> <span class='ocrx_word' id='word_1_141' title='bbox 714 3109 879 3176; x_wconf 84' lang='lat' dir='ltr'><strong>vindemia</strong></span> <span class='ocrx_word' id='word_1_142' title='bbox 901 3109 991 3175; x_wconf 81' lang='lat' dir='ltr'><strong>cellis</strong></span> 
     </span>
     <span class='ocr_line' id='line_1_28' title="bbox 296 3195 982 3285; baseline -0.003 -21"><span class='ocrx_word' id='word_1_143' title='bbox 296 3198 401 3284; x_wconf 86' lang='lat' dir='ltr'><strong>Misit,</strong></span> <span class='ocrx_word' id='word_1_144' title='bbox 424 3195 513 3263; x_wconf 90' lang='lat' dir='ltr'><strong>Iuleo</strong></span> <span class='ocrx_word' id='word_1_145' title='bbox 539 3219 620 3284; x_wconf 85' lang='lat' dir='ltr'><strong>quae</strong></span> <span class='ocrx_word' id='word_1_146' title='bbox 644 3197 707 3263; x_wconf 89' lang='lat' dir='ltr'><strong>sibi</strong></span> <span class='ocrx_word' id='word_1_147' title='bbox 731 3204 843 3264; x_wconf 88' lang='lat' dir='ltr'><strong>monte</strong></span> <span class='ocrx_word' id='word_1_148' title='bbox 866 3199 982 3285; x_wconf 85' lang='lat' dir='ltr'><strong>placet.</strong></span> 
     </span>
    </p>
   </div>
   <div class='ocr_carea' id='block_1_18' title="bbox 558 3337 877 3408">
    <p class='ocr_par' dir='ltr' id='par_1_18' title="bbox 558 3337 877 3408">
     <span class='ocr_line' id='line_1_29' title="bbox 558 3337 877 3408; baseline 0 -2"><span class='ocrx_word' id='word_1_149' title='bbox 558 3337 623 3406; x_wconf 85' lang='grc' dir='ltr'><strong>ΟΧ.</strong></span> <span class='ocrx_word' id='word_1_150' title='bbox 646 3339 877 3408; x_wconf 70' lang='lat' dir='ltr'><strong>Sssrrentinum.</strong></span> 
     </span>
    </p>
   </div>
   <div class='ocr_carea' id='block_1_19' title="bbox 253 3445 1164 3532">
    <p class='ocr_par' dir='ltr' id='par_1_19' title="bbox 253 3445 1164 3532">
     <span class='ocr_line' id='line_1_30' title="bbox 253 3445 1164 3532; baseline 0 -20"><span class='ocrx_word' id='word_1_151' title='bbox 253 3445 443 3512; x_wconf 85' lang='lat' dir='ltr'><strong>Surrentina</strong></span> <span class='ocrx_word' id='word_1_152' title='bbox 465 3445 575 3511; x_wconf 83' lang='lat' dir='ltr'><strong>bibis?</strong></span> <span class='ocrx_word' id='word_1_153' title='bbox 598 3467 657 3511; x_wconf 89' lang='lat' dir='ltr'><strong>nee</strong></span> <span class='ocrx_word' id='word_1_154' title='bbox 681 3447 826 3514; x_wconf 84' lang='lat' dir='ltr'><strong>momina</strong></span> <span class='ocrx_word' id='word_1_155' title='bbox 850 3448 938 3532; x_wconf 85' lang='lat' dir='ltr'><strong>piata</strong></span> <span class='ocrx_word' id='word_1_156' title='bbox 960 3466 1019 3511; x_wconf 86' lang='lat' dir='ltr'><strong>nea</strong></span> <span class='ocrx_word' id='word_1_157' title='bbox 1043 3467 1164 3512; x_wconf 83' lang='lat' dir='ltr'><strong>aarum</strong></span> 
     </span>
    </p>
   </div>
   <div class='ocr_carea' id='block_1_20' title="bbox 297 3532 1283 3659">
    <p class='ocr_par' dir='ltr' id='par_1_20' title="bbox 297 3532 1283 3659">
     <span class='ocr_line' id='line_1_31' title="bbox 297 3532 1283 3659; baseline -0.001 -60"><span class='ocrx_word' id='word_1_158' title='bbox 297 3532 408 3600; x_wconf 83' lang='lat' dir='ltr'><strong>Sume:</strong></span> <span class='ocrx_word' id='word_1_159' title='bbox 432 3533 557 3598; x_wconf 89' lang='lat' dir='ltr'><strong>dabunt</strong></span> <span class='ocrx_word' id='word_1_160' title='bbox 580 3533 696 3600; x_wconf 81' lang='lat' dir='ltr'><strong>calices</strong></span> <span class='ocrx_word' id='word_1_161' title='bbox 720 3535 801 3602; x_wconf 87' lang='lat' dir='ltr'><strong>haee</strong></span> <span class='ocrx_word' id='word_1_162' title='bbox 823 3536 885 3600; x_wconf 89' lang='lat' dir='ltr'><strong>tibi</strong></span> <span class='ocrx_word' id='word_1_163' title='bbox 907 3535 983 3600; x_wconf 81' lang='lat' dir='ltr'><strong>vina</strong></span> <span class='ocrx_word' id='word_1_164' title='bbox 1007 3555 1093 3600; x_wconf 89' lang='lat' dir='ltr'><strong>suos.</strong></span> <span class='ocrx_word' id='word_1_165' title='bbox 1282 3573 1283 3659; x_wconf 43' lang='lat' dir='ltr'><strong>p</strong></span> 
     </span>
    </p>
   </div>
   <div class='ocr_carea' id='block_1_21' title="bbox 0 0 1308 4032">
    <p class='ocr_par' dir='ltr' id='par_1_21' title="bbox 0 0 1308 4032">
     <span class='ocr_line' id='line_1_32' title="bbox 0 0 1308 4032; baseline 0 0"><span class='ocrx_word' id='word_1_166' title='bbox 0 0 1308 4032; x_wconf 95' lang='lat' dir='ltr'><strong> </strong></span> 
     </span>
    </p>
   </div>
  </div>
 </body>
</html>
