2596 4034
172 185 241 250 ‘214
501 177 540 236 u.
559 175 641 232 vau.
659 141 864 230 unsarans
890 225 893 229 .

639 337 723 405 LIX.

220 450 259 518 In
282 449 411 536 Saeptis
434 445 600 514 Mamurra
623 445 678 510 diu
701 445 904 530 inultumque
927 447 1079 531 vagatus,
1163 486 1164 490 =

263 538 327 605 Hic
349 539 406 603 ubi
429 537 533 602 Roma
556 556 631 600 suas
656 557 753 600 aurea
776 537 871 598 vexat
895 555 987 618 opes,
1110 565 1115 572 ·

220 627 275 694 Ius
300 628 365 708 exit
379 624 503 713 ¹molles
521 645 644 712 pueros
668 623 832 707 oculisque
857 621 1011 706 comedit,

297 707 347 781 un
361 711 437 797 hos,
451 709 543 798 'quos
566 713 689 797 primae
713 711 908 794 prostituere
932 731 1039 794 casae,

157 857 158 860 ,
195 803 285 872 used
308 825 389 890 quus
412 823 547 870 arcanae
571 799 872 866 servanttabulata
896 803 1039 864 catastas

265 893 309 958 Et
333 914 415 978 quos
437 913 503 956 non
525 890 666 976 populus
689 911 748 954 nec
772 910 845 954 mea
867 887 965 952 turba
987 885 1083 953 videt.

220 981 299 1048 Inde
323 987 415 1046 satur
437 1001 565 1044 mensas
588 982 621 1044 ct
644 981 774 1062 opertos
800 977 888 1041 exuit
911 975 1005 1042 orbes

264 1070 522 1156 Expositumque
545 1067 612 1132 alte
635 1067 754 1152 pingue
778 1065 928 1152 poposcit
951 1067 1043 1148 ebur,

146 1220 154 1234 ,
221 1158 267 1224 Et
289 1157 504 1224 testudineum
528 1177 657 1221 mensus
681 1159 795 1240 quater
816 1153 1011 1220 hexaclinon

180 1244 912 1333 wmmfflmmmm

222 1333 391 1402 Consuluit
412 1356 521 1417 nares,
544 1356 585 1398 an
608 1333 733 1398 olerent
755 1354 830 1396 aera
853 1329 1047 1412 Corinthon,

266 1422 416 1508 Culpavit
438 1426 563 1488 statuas
587 1425 631 1505 et,
653 1420 825 1504 Polyclite,
847 1425 934 1503 tuas,

221 1509 267 1578 Et
288 1512 420 1577 turbata
441 1511 533 1576 brevi
557 1515 688 1595 questus
711 1509 900 1593 crystallina
922 1509 1008 1573 vitro
1109 1530 1111 1533 ·

132 1601 135 1607 ’
265 1599 410 1665 Murrina
433 1600 578 1685 signavit
601 1598 808 1684 seposuitque
831 1597 949 1662 deceni.

180 1706 211 1754 15
221 1687 384 1772 Expendit
407 1691 530 1753 veteres
554 1687 700 1752 calathos
724 1691 757 1751 ct
780 1687 809 1750 si
832 1707 896 1771 qua
919 1687 1048 1750 fuerunt
1176 1757 1178 1759 ,

267 1775 388 1841 Pocula
410 1775 577 1842 Mentorea
599 1775 774 1862 nobilitata
798 1795 908 1856 manu,
1175 1766 1180 1796 ⁴

222 1863 267 1930 Et
289 1864 408 1930 virides
431 1865 518 1950 picto
543 1885 686 1950 gemmas
709 1863 892 1929 numeravit
914 1862 949 1927 in
972 1883 1065 1948 auro,

266 1951 426 2037 Quidquid
450 1957 483 2018 et
505 1975 525 2016 a
546 1953 640 2017 niuea
663 1953 816 2039 grandius
839 1973 917 2018 aure
939 1955 1043 2017 sonat.
1139 1985 1152 2036 q

224 2039 450 2126 Sardonychas
467 2063 549 2128 ‘vero
573 2063 685 2106 mensa
708 2041 868 2125 quaesivit
890 2041 925 2105 in
947 2041 1035 2106 omni

181 2145 215 2194 au
268 2129 312 2194 Et
336 2131 476 2213 pretium
499 2129 626 2214 magnis
650 2130 727 2194 fecit
749 2129 936 2215 iaspidibus.

222 2216 399 2283 Undecima
421 2217 526 2283 lassus
551 2239 625 2282 cum
647 2217 713 2282 iarn
737 2217 913 2283 discederet
935 2218 1030 2299 liora,

266 2306 349 2372 Asse
373 2307 452 2371 duos
475 2306 591 2372 calices
614 2306 693 2370 aurit
717 2311 749 2371 et
772 2307 841 2392 ipse
864 2306 951 2373 tulit.

650 2445 717 2513 LX.

223 2550 287 2618 Seu
310 2557 346 2618 tu
369 2553 538 2620 Paestanis
562 2553 673 2640 genita
696 2575 730 2622 cs
755 2576 810 2620 seu
833 2553 962 2620 Tiburis
986 2553 1087 2638 arvis,
1177 2627 1179 2637 ‚

267 2640 330 2707 Seu
352 2641 463 2708 rubuit
486 2643 582 2708 tellus
606 2643 746 2708 Tuscula
769 2643 847 2708 flora
870 2648 940 2728 tua,

223 2727 286 2794 Seu
309 2729 522 2796 Praenestino
545 2735 577 2796 te
600 2731 697 2797 vilica
719 2732 801 2818 legit
824 2732 859 2796 in
881 2733 991 2815 hortu,

267 2816 330 2882 Seu
354 2819 449 2885 ruodo
474 2817 629 2903 Campani
655 2819 760 2903 gloria
783 2821 868 2885 ruris
892 2843 977 2885 eras:

195 2904 391 2973 tPulchrior
413 2913 449 2974 ut
471 2913 585 2973 nostro
610 2909 736 2986 vigleare
760 2931 879 2975 corona
903 2907 1040 2987 Sabino,

266 2993 315 3060 De
339 2995 545 3062 Nomentano
568 3000 601 3060 te
624 3002 717 3081 putet
739 3019 809 3076 esse
833 3019 937 3081 meo.-

644 3157 726 3223 LXI.

220 3259 260 3326 In
283 3243 477 3328 Tartlsiacis
501 3263 615 3328 domus
639 3269 689 3328 est
712 3265 883 3330 notissima
906 3267 1016 3348 terris,

266 3349 336 3426 Qua
359 3351 449 3416 dives
474 3352 635 3437 placidum
661 3351 812 3419 Corduba
837 3355 952 3419 Baetin
978 3357 1079 3433 amat,

220 3435 352 3504 Vellera
375 3441 487 3504 nativo
512 3441 638 3526 pallent
661 3442 718 3506 ubi
741 3441 827 3507 flava
851 3443 984 3508 metallo

264 3525 310 3590 Et
332 3527 407 3593 linit
429 3527 622 3614 Hesperium
648 3531 777 3596 brattea
801 3532 873 3597 viva
897 3553 1025 3617 pecus„
