2610 4048
131 201 136 234 ⁵
197 219 238 284 14
521 171 560 276 n.
577 218 660 276 vau.
678 217 877 276 usaumrs
975 219 981 230 ¹

236 483 320 553 Cum
342 485 420 555 duta
442 488 508 556 sint
530 487 632 574 equiti
654 487 706 554 bis
730 487 831 573 quina
851 486 1063 572 nomismata,
1083 509 1191 572 quare
1300 522 1304 541 ι

281 574 339 641 Bis
362 576 467 644 decies
491 577 595 660 solus,
618 574 810 662 Sextilium,
831 575 940 642 bibis?
1009 647 1012 652 ,

235 661 307 730 Iam
330 663 500 732 defecisset
522 669 690 750 portantes
714 664 808 730 ealda
829 663 1011 748 ministros,

281 751 404 820 Sinon
425 757 571 840 potares,
594 752 785 839 Sextiliana,
808 774 943 820 merum.

211 969 213 972 .
406 963 407 966 ,
661 911 734 979 XII.

235 1013 307 1082 Itur
329 1017 370 1084 ad
392 1016 570 1086 Herculeas
593 1019 692 1107 gelidi
716 981 780 1106 qui
804 1017 935 1085 Tiburis
959 1040 1049 1084 arces

281 1102 433 1192 Canaque
456 1108 642 1194 sulphureis
665 1108 789 1174 Albula
811 1107 917 1173 fumat
940 1108 1047 1193 aquis,

235 1193 325 1260 Rura
347 1217 523 1282 nemusque
547 1219 674 1262 sacrum
697 1197 878 1283 dilectaque
900 1195 1015 1282 iugera
1037 1193 1140 1262 Musis
1162 1245 1163 1248 ,

280 1279 398 1369 Signat
418 1285 527 1358 sicine
550 1289 685 1370 quartus
709 1285 751 1350 ab
774 1285 854 1350 urbe
876 1285 972 1370 lapis.
1149 1303 1151 1306 ·
1259 1355 1262 1358 ,

89 1391 91 1396 ’
210 1367 299 1436 oHio
321 1371 409 1437 rudis
433 1374 574 1440 aestivas
597 1351 788 1460 prees'tabat
810 1373 957 1458 porticus
979 1371 1126 1456 umbras,
1187 1405 1190 1409 ·

281 1457 353 1525 Heu
377 1481 474 1546 quam
497 1483 598 1548 paene
620 1483 741 1528 novum
764 1461 911 1546 porticus
935 1482 1014 1526 ausa
1037 1459 1142 1525 nefas!

236 1545 323 1614 Nam
347 1549 455 1616 subito
478 1551 634 1636 conlapsa
656 1550 736 1634 ruit,
759 1571 832 1616 eum
856 1549 942 1615 mole
966 1549 1027 1615 sub
1050 1549 1108 1614 illa

281 1635 437 1702 Gestatus
459 1637 581 1725 biiugis
606 1637 751 1726 Regulus
775 1643 861 1704 esset
884 1638 985 1722 equis.

236 1721 399 1791 Nimirum
420 1726 532 1792 timuit
554 1732 684 1794 nostras
706 1726 852 1798 Fortuna
875 1726 1050 1812 querellas,

194 1827 227 1878 ro
281 1811 370 1889 Quae
392 1837 453 1900 par
474 1820 543 1880 tam
566 1837 703 1902 magnae
722 1837 788 1881 non
806 1820 877 1880 erat
893 1815 1043 1880 invidiae.

235 1899 332 1969 Nune
355 1907 388 1968 at
410 1903 527 1968 damna
549 1904 677 1989 iuvant3
699 1908 777 1970 sunt
798 1903 872 1990 ipsa
893 1903 1039 1988 pericula
1061 1901 1181 1968 tantia*

281 1987 410 2058 Stantia
431 2013 497 2058 nou
519 1996 673 2078 poterant
695 1995 784 2058 tecta
805 1991 946 2078 probare
969 1991 1055 2057 deos.

638 2113 745 2234 (fffflp
756 2114 778 2210 J

237 2253 338 2323 Gesta
361 2278 419 2323 suo
442 2256 586 2343 gladium
609 2280 681 2324 eum
704 2256 849 2324 traderet
872 2254 969 2322 Arria
992 2255 1108 2340 Paeto,

282 2343 385 2420 Quem
408 2345 446 2411 de
469 2345 646 2411 visceribus
671 2347 848 2410 strinxerat
870 2345 943 2430 ipse
967 2345 1048 2428 suis,

234 2429 290 2518 „Si
313 2455 377 2518 qua
399 2433 491 2518 fides,
515 2434 632 2498 vulnus
655 2435 741 2520 quod
763 2433 825 2498 feci
852 2454 918 2498 non
941 2431 1062 2515 dolet,“
1083 2431 1218 2521 inquit,

279 2518 362 2606 „Sed
384 2522 471 2607 quod
493 2526 530 2587 tu
552 2521 665 2608 facies,
688 2522 750 2587 hoe
774 2519 868 2605 mihi,
891 2519 1004 2601 Paete,
1027 2519 1146 2586 dolet.“

654 2679 741 2746 XIV.

236 2786 391 2872 Delicias,
414 2785 547 2870 Caesar,
570 2787 726 2870 lususque
748 2784 901 2871 iocosque
924 2784 1055 2850 leonum

269 2873 428 2941 *Vidimus
454 2912 492 2922 —
516 2875 579 2940 hoo
602 2875 701 2940 etiarn
725 2878 873 2958 praestat
899 2873 1022 2938 harene
1043 2872 1114 2938 tibi·
1130 2911 1183 2925 -

236 2961 319 3030 (lum
342 2985 479 3050 prensus
503 2957 625 3029 blando
648 2961 769 3027 totiens
796 2960 934 3026 a'dente
957 2961 1077 3026 rediret
1219 2961 1221 2963 ’

279 3051 325 3118 nt
346 3073 405 3138 per
427 3057 541 3138 aperta
563 3072 666 3136 vagus
690 3053 835 3116 curreret
857 3071 916 3114 ore
938 3049 1039 3134 lepus.
1170 3094 1172 3096 ψ

209 3139 329 3208 oUnde
351 3145 462 3226 potest
485 3140 598 3206 avidus
622 3142 737 3224 captae
760 3139 810 3203 leo
834 3158 966 3224 parcere
988 3134 1159 3222 praedae?

280 3227 344 3296 Sed
365 3234 476 3296 tamen
499 3251 568 3295 esse
591 3233 666 3294 tuus
690 3226 820 3292 dieitur:
844 3245 922 3312 ergo
945 3228 1066 3316 potest.

663 3365 734 3434 XV.

236 3477 264 3544 Ο
286 3479 368 3544 mihi
390 3483 466 3564 post
487 3477 611 3554 nullos,
633 3475 711 3558 Iuli,
735 3473 943 3540 memorande
968 3471 1127 3556 sodales,·

180 3658 183 3663 ἡ
281 3563 316 3633 si
339 3567 417 3652 quid
439 3567 540 3652 longa
562 3565 641 3630 fides
665 3585 808 3650 canaque
831 3563 904 3628 iura
926 3561 1052 3643 valent,
