2610 4048
409 253 706 312 EPIGRAMMA'I'ON
723 253 792 312 LIB.
810 256 832 314 L
1085 255 1129 322 15

150 419 211 485 Bis
234 419 301 485 iam
324 441 427 506 pacne
451 419 513 486 tibi
537 421 650 508 consul
668 415 860 486 'tricesimus
883 419 1000 502 instat,

197 506 244 574 Ee
265 513 417 575 numerat
437 531 559 596 paucos
582 509 637 576 vix
660 513 719 575 tua
741 507 811 574 vita
833 509 911 576 dies.

118 595 228 662 sNon
251 597 333 664 bene
356 597 523 663 distuleris
547 598 659 666 videas
684 619 766 684 quae
789 619 885 683 posse
907 599 1035 687 negari,

196 685 243 750 Et
266 686 374 752 solum
397 685 460 752 hoe
483 685 595 772 ducas,
619 687 706 774 quod
728 687 804 771 fuit,
828 708 898 754 esse
921 691 1023 756 tuum.

151 773 342 856 Expectant
364 797 523 862 curaeque
546 775 753 861 catenatique
776 775 920 861 labores,

109 866 111 870 '
198 860 325 929 Gaudia
346 883 413 930 nen
436 867 619 948 remanent,
642 863 699 930 sed
722 863 862 952 fugitiva
884 863 1009 931 volant

149 949 243 1016 Haec
266 955 403 1039 utraque
426 975 526 1020 manu
549 954 783 1040 complexuque
807 973 914 1020 assere
937 955 1024 1019 toto:

98 1055 137 1105 ιο
197 1037 300 1126 Saepe
322 1041 429 1107 fluunt
450 1042 518 1108 imo
542 1041 589 1109 sic
612 1063 741 1128 quoque
763 1042 858 1128 lapsa
881 1040 963 1109 sinu.

148 1126 229 1194 Nou
251 1133 315 1213 est,
337 1131 431 1196 crede
455 1131 548 1216 mihi,
572 1131 730 1216 sapientis
754 1131 858 1196 dicere
880 1127 1050 1214 „Vivam“:

171 1223 173 1226 ’
196 1214 277 1284 Sera
298 1217 397 1284 nimis
421 1219 489 1286 vita
512 1223 563 1286 est
585 1219 742 1287 crastiua:
766 1219 839 1286 vive
860 1217 967 1284 hodie.

572 1350 662 1420 XVI.

151 1443 235 1512 Sunt
252 1447 353 1531 bona,
367 1451 445 1514 sunt
458 1449 618 1536 quaedam
632 1449 821 1534 mediocria,
836 1453 913 1516 sunt
925 1449 1015 1536 mala
1027 1448 1123 1535 plura

170 1557 172 1562 ·
195 1533 285 1612 Quae
308 1535 393 1623 legis
415 1537 484 1604 hic:
507 1539 604 1604 aliter
625 1560 695 1605 non
717 1539 769 1623 fit,
787 1538 904 1620 Avito,
927 1538 1019 1606 liber.

150 1764 251 1854 cogit
272 1789 325 1833 me
348 1765 443 1853 Titus
468 1669 745 1836 actitaieVHcdusas

145 1854 197 1922 Ει
220 1854 299 1921 dicit
322 1855 405 1922 mihi
428 1877 525 1940 saepe
546 1855 690 1944 „Magne
712 1879 764 1923 res
787 1856 866 1924 est“

144 1942 216 2010 Res
238 1965 361 2033 magna
382 1947 445 2030 est,
469 1945 557 2030 Tite,
581 1967 680 2032 quam
703 1945 784 2012 facit
806 1946 951 2014 colonus.

554 2075 676 2145 XVIII.

147 2174 238 2252 Quid
259 2178 308 2259 ιε,
330 2173 451 2260 Τιιεεε,
474 2175 568 2242 iuvat
590 2175 701 2240 vetulo
725 2175 861 2241 miscere
883 2173 1023 2244 Falerno

195 2262 236 2328 In
257 2262 427 2330 Vaticanis
451 2263 585 2330 condita
606 2267 716 2330 musta
738 2264 850 2330 cadis?

148 2351 237 2428 Quid
258 2356 387 2418 tantum
410 2352 516 2419 fecere
538 2352 618 2418 boni
640 2352 702 2416 tibi
724 2353 867 2438 pessima
888 2353 987 2420 vina?

194 2441 265 2506 Aut
288 2441 367 2526 quid
387 2441 535 2507 fecerunt
552 2439 683 2524 ¹optima
705 2439 783 2506 vina
806 2441 908 2508 mali?

119 2528 201 2594 5De
225 2527 321 2595 nubis
343 2528 441 2596 facile
464 2533 528 2613 est,
552 2529 657 2594 scelus
681 2533 732 2594 est
754 2529 903 2614 iugulare
925 2527 1100 2598 Falernum

196 2616 243 2683 Ilt
265 2617 344 2683 dare
367 2616 535 2703 Campano
558 2617 667 2684 toxica
690 2639 788 2684 saeva
810 2639 910 2684 mero.
1069 2627 1071 2632 ’

149 2703 319 2771 Convivae
341 2726 487 2772 meruere
509 2707 558 2771 tui
579 2705 723 2771 fortasse
745 2706 866 2791 perire:

196 2793 369 2880 Amphora
390 2815 458 2861 nou
480 2795 599 2861 meruIt
622 2797 692 2860 tam
715 2795 862 2882 pretiosa
883 2795 976 2862 muri.

575 2923 664 2992 xlx

150 3021 189 3090 Si
211 3023 360 3110 memini,
381 3023 514 3090 fueraut
535 3023 599 3090 tibi
622 3025 793 3110 quattuor,
815 3022 925 3108 Aelia,
948 3023 1075 3092 dentes:

197 3111 337 3198 Expulit
358 3133 424 3179 una
446 3113 528 3180 duos
551 3111 654 3178 tussis
677 3115 712 3178 et
732 3133 799 3177 una
820 3111 911 3179 duos.

150 3199 225 3267 Iam
249 3221 363 3268 secura
384 3205 480 3288 potes
503 3202 585 3267 totis
608 3201 729 3266 tussire
743 3199 880 3270 diebus:

197 3287 255 3356 Nil
277 3289 352 3356 istic
374 3290 462 3377 quod
485 3294 565 3378 agat
586 3292 687 3356 tertia
709 3290 811 3356 tussia
835 3288 943 3358 habet.
1077 3363 1082 3370 ,

582 3421 653 3489 XX

150 3519 216 3587 Dic
238 3517 331 3602 mihi,
352 3520 426 3605 quis
448 3518 542 3587 furor
565 3519 639 3585 est?
661 3520 761 3585 turba
785 3479 955 3604 spectante
977 3521 1098 3584 vocata

198 3607 295 3676 Solus
317 3607 460 3695 boletos,
483 3607 682 3693 Caeciliana,
704 3627 809 3673 voras.
