2568 4040
367 203 483 262 INDEX
503 198 809 258 uentuslulnuon.
1029 201 1094 269 369

74 361 154 427 Quae
176 366 229 420 tibi
249 386 304 422 non
324 366 421 422 stabat
437 362 567 434 praecisa
585 362 630 416 est
647 360 783 430 mentula,
803 359 919 433 Glypte.
997 361 1032 428 ΙΙ,
1050 367 1093 418 46.

76 435 266 507 Quaecunque
287 438 340 492 lusi
359 437 468 492 iuvenis
489 438 518 488 et
535 448 606 504 puer
623 431 766 502 quondam
806 477 812 490 .
841 476 848 492 .
878 476 884 490 .
913 475 920 490 .
992 431 1014 500 Ι,
1034 439 1093 488 118.

75 509 223 567 Quaedam
244 527 287 564 rue
307 509 394 580 cupit,
413 505 508 561 Invide
528 502 647 558 Procilla
663 546 927 562 .........
993 503 1014 572 I,
1034 509 1092 558 llo.

75 575 204 646 Quaeris,
223 599 272 634 cur
291 581 377 634 nolim
396 583 424 632 te
445 577 554 643 ducere,
574 574 674 630 Galla?
692 573 807 629 Diserta
825 590 856 630 es
876 618 883 633 .
912 619 919 632 .
983 574 1030 643 XI,
1052 581 1093 631 19.

75 646 188 709 Quaero
207 651 255 705 diu
275 657 374 718 totam,
394 647 505 704 Safroni
523 646 603 714 Rufe,
622 662 673 770 fler
691 645 810 702 urbem.
838 685 845 701 .
875 689 882 703 .
910 689 917 704 .
983 645 1031 714 IV,
1051 651 1093 700 71.

75 717 205 787 Qualem,
224 723 332 788 Flacco,
351 721 436 778 veIIm
455 717 567 788 quaeris
585 733 622 771 no
637 716 709 772 'mve
728 716 883 787 puellamt.
912 761 918 774 .
1009 717 1031 786 1,
1050 723 1093 773 67.

75 788 206 852 Qualiter
223 793 353 860 Assyrios
372 793 510 848 renovant
527 787 660 844 incendia
677 787 760 844 nidos
771 831 920 846 .....
1013 788 1048 857 V,
1069 794 1092 844 1.

75 858 206 922 Qualiter
224 863 254 916 in
273 863 405 932 Scythica
422 861 559 931 religatus
577 876 647 931 rupe
667 859 850 914 Prometheus
874 902 881 915 .
910 903 917 916 .
992 861 1047 932 Ep.
1068 865 1093 916 1.

75 928 168 992 Quam
187 933 281 987 brevis
301 935 458 992 inmensum
478 932 555 1002 cepit
571 931 737 986 membrana
754 929 915 985 Maronem?
943 930 1016 998 XIV,
1034 936 1092 986 186.

76 1003 169 1064 Quam
189 1004 259 1058 milri
279 1005 412 1058 mittebas
432 1003 546 1058 Saturni
565 1005 691 1072 tempore
710 1001 846 1058 lancem.
874 1044 881 1059 .
910 1045 917 1058 .
996 1002 1030 1070 X,
1049 1007 1092 1056 19.

75 1070 169 1134 Quam
188 1074 227 1128 stt
245 1075 324 1128 lusca
341 1075 485 1129 Philaenis
504 1073 667 1128 indecenter
696 1115 918 1132 .......
969 1071 1030 1140 XII,
1049 1078 1093 1126 18.

75 1141 211 1206 Quamvis
231 1145 355 1200 Callaico
374 1145 489 1200 rubeam
509 1161 647 1214 generosa
663 1143 781 1200 metallo
806 1187 812 1200 .
840 1187 847 1201 .
876 1187 883 1200 .
912 1187 918 1199 .
956 1144 1030 1212 XIV,
1050 1148 1091 1198 96.

75 1212 212 1277 Quamvis
231 1216 291 1270 lata
310 1221 391 1285 gerat
408 1215 517 1286 patella
534 1215 684 1270 rhombum
698 1257 919 1271 .......
954 1213 1030 1284 XIII,
1049 1219 1092 1270 81.

75 1283 212 1357 Quamvis
231 1306 275 1342 rae
294 1287 413 1356 ligulam
431 1286 529 1341 dicant
546 1285 711 1355 equitesque
730 1287 883 1354 patresque
912 1328 919 1342 .
943 1283 1016 1354 XIV,
1033 1291 1092 1340 120.

74 1355 212 1417 Quamvis
232 1362 290 1412 tam
310 1359 394 1428 longo
413 1357 504 1428 possis
524 1360 603 1412 satur
622 1373 682 1412 esse
701 1355 800 1411 libello
839 1399 846 1413 .
876 1399 882 1413 .
911 1401 917 1413 .
964 1356 1012 1423 XI,
1034 1361 1092 1412 108,

75 1427 191 1489 Quanta
210 1426 343 1496 Gigantei
361 1432 533 1484 memoratur
550 1444 649 1482 mensa
668 1426 805 1498 triumphi
840 1471 846 1484 .
875 1471 882 1483 .
911 1473 917 1484 .
955 1427 1029 1495 VIII,
1048 1432 1091 1481 50.

74 1497 191 1560 Quanta
208 1499 288 1568 quies
307 1500 422 1569 placidi,
442 1502 524 1554 tanta
543 1501 587 1553 est
604 1498 738 1552 facundia
756 1499 884 1554 Nervae.
913 1542 919 1555 .
956 1497 1029 1566 VIII,
1049 1503 1092 1554 70.

74 1567 191 1632 Quanta
209 1574 260 1624 tua
278 1575 320 1624 est
339 1571 476 1640 probitas,
495 1573 577 1626 tanta
595 1573 639 1624 est
657 1568 780 1624 infantia
798 1569 917 1626 formae.
954 1568 1029 1636 VIII,
1049 1575 1091 1624 46.

70 1639 219 1702 Quantum
238 1641 296 1694 iam
315 1641 433 1710 superis,
452 1640 563 1708 Caesar,
582 1640 716 1710 caeloque
736 1638 842 1695 dedisti
874 1683 880 1696 .
909 1683 915 1697 .
1000 1639 1047 1708 IX,
1067 1645 1091 1695 8.

74 1711 220 1773 Quantum
239 1711 362 1766 sollicito
381 1713 495 1766 fortuna
512 1711 639 1781 parentis
658 1711 777 1766 Etrusco
804 1753 810 1768 .
840 1754 847 1767 .
875 1754 882 1768 .
911 1755 917 1768 .
981 1711 1030 1778 VI,
1049 1716 1092 1766 88.

74 1780 215 1850 Quantus,
234 1781 270 1848 io,
289 1782 385 1838 Latias
404 1782 502 1836 mundi
521 1784 674 1836 conventus
693 1781 730 1837 ad
749 1798 812 1836 aras
841 1825 847 1837 .
877 1825 883 1838 .
911 1826 918 1839 .
973 1781 1048 1850 VIII,
1066 1788 1092 1836 4.
1123 1825 1126 1830 .

73 1850 169 1914 Quare
188 1869 245 1906 non
263 1853 377 1923 habeat,
396 1853 521 1919 Fabulle,
543 1852 655 1922 quaeris
662 1895 919 1912 ........
969 1853 1030 1920 XII,
1049 1857 1091 1907 20.

73 1921 170 1986 Quare
189 1928 248 1977 tarn
266 1921 364 1978 multis
385 1928 457 1992 ate,
475 1923 584 1990 Latine,
604 1923 703 1980 diebus
732 1965 739 1980 .
768 1967 775 1979 .
804 1967 811 1980 .
839 1967 847 1980 .
876 1966 882 1980 .
911 1967 917 1980 .
969 1923 1030 1991 XII,
1051 1929 1092 1978 11.

74 1993 222 2058 Quatenus
242 1993 376 2064 Odrysios
395 1994 453 2049 iam
470 2013 526 2064 pax
544 1994 673 2050 Romana
690 1993 810 2051 triones.
838 2037 846 2051 .
875 2037 882 2051 .
911 2039 917 2052 .
968 1994 1030 2063 VII,
1048 2000 1092 2049 80.

74 2063 218 2128 Quattuor
237 2066 348 2136 argenti
367 2065 454 2120 libras
473 2065 544 2120 milri
562 2069 690 2134 tempore
707 2065 845 2121 brumae.
875 2108 881 2122 .
911 2109 917 2123 .
955 2065 1029 2134 VIII,
1050 2070 1092 2120 71.

73 2136 166 2201 Quem
184 2135 296 2204 recitas,
315 2153 394 2191 meus
414 2140 465 2205 est,
486 2154 502 2192 o
520 2135 679 2204 Fidentine,
696 2135 811 2192 libellus
839 2179 846 2193 .
875 2180 882 2194 .
911 2181 917 2194 .
1009 2136 1030 2203 I,
1049 2141 1091 2192 38.

73 2206 130 2270 Qui
150 2205 297 2276 Corcyraei
316 2207 390 2261 vidit
406 2207 535 2277 pomaria
553 2207 629 2278 regis
661 2251 667 2264 .
697 2251 703 2266 .
733 2251 740 2263 .
768 2251 775 2265 .
804 2250 811 2264 .
840 2250 847 2263 .
875 2250 882 2264 .
911 2251 918 2265 .
955 2206 1031 2276 VIII,
1050 2211 1092 2264 68.

74 2277 129 2342 Qui
149 2278 305 2333 Diomediis
323 2281 491 2334 metuendus
511 2279 635 2350 saetiger
653 2277 730 2348 agris
768 2321 774 2334 .
804 2322 810 2334 .
839 2319 845 2335 .
875 2322 882 2336 .
910 2323 917 2336 .
954 2278 1030 2346 XIII,
1049 2285 1093 2334 98.

73 2349 128 2414 Qui
149 2348 228 2402 ducis
247 2350 342 2404 vultus
362 2353 392 2404 et
409 2367 466 2404 non
484 2350 555 2418 legis
574 2351 632 2405 ista
649 2349 772 2404 libenter
875 2394 881 2406 .
910 2394 916 2406 .
1007 2349 1029 2417 I,
1049 2355 1091 2405 40.

73 2420 130 2484 Qui
149 2418 244 2489 gravis
260 2437 289 2475 es
304 2420 431 2490 niarium,
449 2425 531 2490 potes
550 2421 616 2475 hino
634 2421 700 2488 iam,
720 2421 817 2489 lector,
836 2419 915 2476 abire
983 2420 1030 2488 XI,
1050 2427 1092 2476 16.
1142 2481 1144 2484 ,

72 2490 130 2556 Qui
148 2490 221 2560 legis
241 2490 407 2562 Oedipoden
425 2491 651 2561 caligantemque
669 2492 812 2562 Thyesten
840 2535 847 2549 .
877 2535 883 2548 .
912 2535 919 2548 .
1013 2491 1048 2560 X,
1067 2497 1092 2546 4.

73 2563 129 2626 Qui
147 2563 233 2616 modo
251 2579 302 2633 per
320 2565 412 2616 totam
429 2563 550 2617 flammis
571 2562 732 2618 stimulatus
751 2563 888 2618 harenam
911 2607 917 2620 .
974 2563 1029 2688 q).
1051 2569 1091 2618 18.

72 2634 128 2699 Qui
147 2633 273 2688 nondum
292 2633 407 2702 Stygias
425 2634 538 2702 quaerit
555 2634 725 2690 descendere
744 2634 781 2689 ad
798 2634 913 2689 umbras
1010 2635 1029 2702 l,
1049 2639 1091 2689 84.

72 2704 131 2770 Qui
149 2721 225 2772 nunc
242 2703 396 2760 Caesareae
414 2705 493 2759 lusus
512 2707 657 2774 spectatur
675 2705 811 2762 harenae.
912 2749 918 2762 .
954 2704 1030 2773 VIII,
1049 2710 1091 2760 80.

71 2775 129 2840 Qui
148 2775 297 2831 Palatinae
316 2778 432 2846 caperet
449 2775 581 2831 convivia
597 2791 736 2833 mensae.
765 2819 772 2834 .
801 2819 808 2834 .
837 2820 843 2833 .
872 2819 879 2834 .
910 2819 916 2834 .
953 2775 1029 2844 VIII,
1049 2781 1091 2830 88.
1172 2829 1174 2832 .

71 2847 128 2913 Qui
146 2847 241 2917 pinxit
258 2847 398 2902 Venerem
416 2849 504 2913 tuam,
523 2846 623 2928 Lyconi
658 2889 916 2906 ........
989 2847 1092 2914 Lice.
1122 2881 1124 2886 ,

70 2918 128 2984 Qui
146 2917 242 2988 potuit
260 2917 366 2973 Bacchi
382 2921 504 2974 matrem
522 2917 627 2972 dixisse
645 2916 804 2972 Tonantem
839 2961 846 2976 .
874 2961 882 2976 .
911 2960 919 2976 .
995 2917 1030 2986 V,
1050 2923 1091 2974 18.

71 2989 126 3055 Qui
146 2991 276 3060 praestat
293 2988 402 3059 pietate
420 2987 561 3062 pertinaci
588 3031 917 3047 ..........
955 2988 1030 3058 VIII,
1049 2993 1092 3044 88.

70 3061 127 3128 Qui
146 3061 250 3116 recilat
266 3060 335 3116 lana
352 3061 449 3117 fauces
469 3063 499 3116 et
517 3060 591 3116 eolla
608 3057 772 3114 revinctus.
801 3103 808 3118 .
836 3103 843 3117 .
872 3104 879 3118 .
907 3104 914 3119 .
980 3060 1029 3128 VI,
1049 3065 1092 3115 41.

70 3132 128 3198 Qui
146 3135 241 3188 tecum
259 3131 339 3202 cupis
359 3149 421 3188 esse
440 3149 517 3188 meos
536 3131 696 3200 ubicunque
714 3129 844 3188 libellos.
874 3174 880 3189 .
908 3174 916 3189 .
1025 3131 1047 3199 1,
1066 3137 1108 3206 8.

71 3205 129 3270 Qui
146 3205 245 3260 tonsor
262 3205 326 3258 tota
344 3203 438 3258 fueras
456 3203 622 3259 notissimus
640 3201 709 3256 urbe
732 3245 738 3257 .
767 3245 774 3258 .
803 3244 810 3258 .
838 3246 845 3259 .
874 3245 881 3259 .
909 3245 916 3260 .
967 3199 1029 3269 VII,
1049 3209 1092 3258 64.

70 3275 128 3340 Qui
145 3275 226 3330 venit
242 3274 358 3329 botulus
377 3275 489 3331 mediae
508 3275 563 3330 tibi
580 3279 706 3344 tempore
726 3271 842 3327 brumae
953 3272 1027 3346 XIV,
1048 3278 1090 3328 72.

71 3346 229 3413 Quidnam
248 3346 371 3402 femineo
390 3347 453 3414 tibi,
471 3347 588 3402 Baetice
607 3345 696 3413 Galle,
715 3343 879 3400 barathrol.
910 3387 916 3401 .
995 3343 1029 3412 II,
1048 3349 1091 3400 81.

71 3417 148 3484 Quid
165 3419 201 3474 de
220 3421 258 3486 te,
277 3416 355 3486 Line,
374 3417 534 3488 suspicetur
552 3435 623 3473 uxor
658 3455 916 3474 ........
993 3415 1029 3483 II,
1048 3421 1091 3471 54.

72 3489 148 3554 Quid
166 3489 256 3546 iaciat
274 3490 337 3544 vult
355 3489 427 3545 scire
446 3488 540 3559 Lyris:
560 3489 637 3559 quod
655 3484 763 3542 sobria:
782 3484 880 3544 fellat.
909 3528 915 3542 .
993 3486 1029 3555 H,
1049 3493 1091 3542 73.

71 3559 146 3627 Quid
164 3561 252 3617 faciet
269 3561 363 3617 nullos
381 3560 428 3616 hic
447 3559 598 3617 inventura
616 3557 735 3630 capillos
766 3600 773 3614 .
802 3601 808 3614 .
837 3600 844 3615 .
874 3599 880 3614 .
909 3600 916 3614 .
953 3555 1028 3627 XIV,
1047 3563 1091 3628 25„

124 3668 213 3720 Mur]
455 3691 458 3697 ·
552 3675 554 3678 '
614 3703 616 3706 -
892 3667 940 3738 24·
