2596 4032
199 201 265 268 266
529 134 885 260 uvauneavmms

243 363 369 431 Ludere
391 361 582 447 metrobio,
605 383 665 428 nec
687 365 724 429 tu
747 360 912 448 permittis
937 381 1061 446 emare;

288 451 345 520 Nil
368 453 450 520 mihi
473 451 523 518 vis
546 455 580 518 et
601 451 652 517 vis
676 455 792 518 cuncta
814 450 912 516 licere
935 449 1005 516 tibi.

244 540 403 626 Corripis,
427 541 595 624 observas,
619 539 775 625 quereris,
799 539 941 624 suspiria
964 535 1067 622 ducis,

68 657 70 662 ·
202 645 236 696 ιο
289 631 336 697 Et
358 631 413 696 vix
437 651 456 695 a
478 629 590 694 ferulis
614 631 776 714 temperat
797 627 848 693 ira
870 631 936 694 tua.

245 717 280 786 si
302 719 421 805 Tyrios
445 717 570 800 sumpsi
593 716 699 782 cultus
723 716 840 782 unxive
863 716 1015 802 capillos,
1102 766 1110 778 .

288 807 463 874 Exclamas
485 803 680 890 „Nunquam
702 804 823 871 fecerat
846 805 911 870 ista
933 802 1059 889 pater“;
1127 807 1130 814 ⁴

245 897 291 962 Et
313 917 467 962 numeras
490 897 622 959 nostros
646 893 783 960 astricta
805 893 914 959 fronte
936 893 1071 958 trientes
1077 941 1086 978 ‚
1176 948 1185 970 .,

289 983 461 1070 Tanquam
485 981 524 1047 de
547 981 631 1048 celle
654 981 697 1048 sit
719 980 818 1048 cadus
842 981 898 1048 ille
921 985 988 1048 tua.

136 1091 139 1097 ·
202 1071 380 1159 roDesine3
401 1093 469 1137 non
491 1092 624 1156 possum
648 1069 803 1136 libertam
826 1069 911 1138 ferre
934 1069 1099 1138 Catonem

289 1161 373 1228 Esse
395 1160 501 1226 virum
524 1159 590 1225 iam
613 1159 774 1226 medicat
798 1159 903 1230 amica
924 1160 994 1228 tibi.
1037 1226 1040 1230 .

670 1238 837 1376 mvl

214 1463 217 1470 .
245 1406 437 1476 Formosam
461 1407 624 1494 Glyceran
647 1410 735 1473 amat
758 1404 924 1491 Lupercus

245 1497 292 1564 Et
314 1497 404 1564 solus
427 1503 518 1564 tenet
540 1497 744 1582 imperatque
767 1495 866 1564 solus,

246 1583 352 1662 Quam
375 1589 447 1652 toto
471 1586 534 1651 sibi
557 1606 667 1652 mense
689 1606 755 1651 non
777 1583 921 1650 fututam

247 1670 331 1740 (lum
354 1675 459 1739 tristis
483 1678 671 1758 quereretur
694 1679 727 1739 et
748 1673 881 1759 roganti

218 1761 385 1829 thusam
409 1762 541 1828 reddere
563 1763 663 1828 vellet
684 1761 837 1844 Aeliano,

246 1849 442 1937 Respondit,
465 1849 619 1935 Glycerae
642 1850 759 1917 dolere·
773 1849 895 1916 dentes.

667 1999 751 2066 XLI.
791 1998 808 2059 i

245 2097 400 2184 Indulget
422 2097 532 2184 pecori
554 2097 689 2164 nimium
713 2097 789 2162 dum
812 2100 925 2182 pastor
947 2094 1113 2184 Amyntas

291 2187 338 2252 Et
362 2185 482 2273 gaudet
504 2185 593 2252 fama
615 2185 806 2271 luxuriaque
829 2185 952 2272 gregis,
1078 2269 1080 2272 Ι

247 2273 405 2342 Cedentes
430 2275 520 2340 oneri
543 2296 652 2362 ramos
676 2273 857 2358 silvamque
880 2275 1034 2342 fluentem

291 2362 393 2448 Vicit,
416 2383 589 2428 concussas
612 2361 682 2447 ipse
705 2367 834 2428 secutus
858 2384 946 2448 opes.

221 2451 356 2519 oTriste
379 2472 492 2516 nemus
516 2451 603 2516 dirae
628 2451 731 2516 vetuit
754 2472 923 2536 superesse
945 2452 1079 2536 rapinae

291 2539 533 2625 Damnavitque
556 2539 646 2626 rogis
669 2539 767 2604 noxia
789 2539 881 2626 ligna
903 2545 1006 2626 pater.

246 2629 403 2714 Pingues,
426 2627 553 2714 Lygdo,
576 2649 650 2693 sues
672 2628 793 2692 habeat
816 2630 943 2694 vicinus
966 2628 1081 2695 Iollas:

292 2717 337 2783 Te
361 2717 442 2784 satis
466 2721 516 2782 est
538 2716 632 2781 nobis
656 2738 869 2782 annumerare
892 2739 999 2803 pecus.

658 2856 758 2925 XLII.
789 2799 815 2890 *i
1284 2931 1285 2938 ἵ

248 2955 366 3023 Vivida
390 2941 465 3022 curn’
487 2977 603 3040 poscas
627 2956 876 3040 epigrammata,
899 2960 1030 3022 mortua
1051 2955 1149 3040 ponis

291 3043 471 3110 Lemmata.
509 3043 615 3120 Quid?
638 3044 721 3128 fieri,
745 3043 939 3130 Caeciliana,
961 3044 1093 3129 potest?

246 3133 348 3200 Mella
370 3134 461 3198 iubes
484 3132 635 3216 Hyblaea
658 3132 718 3196 tibi
742 3133 794 3198 vel
817 3131 988 3219 Hymettia
1010 3132 1113 3218 nasci,

290 3222 337 3288 Et
359 3222 475 3307 thyma
498 3220 673 3306 Cecropiae
696 3220 828 3288 Corsica
850 3224 946 3307 ponis
970 3223 1037 3309 epil

614 3321 766 3428 'xnus
815 3317 900 3445 lo

613 3399 624 3446 'v

1187 1835 1194 1870 l

1146 2051 1160 2103 l

247 3459 450 3614 Deprensum
473 3461 508 3525 in
530 3447 630 3544 puero
653 3461 779 3526 tetricis
804 3484 856 3528 me
878 3461 1027 3546 vocibus,
1050 3481 1147 3545 uxor,
1167 3499 1169 3502 -

309 3549 437 3634 *orripis
461 3552 494 3614 et
517 3549 626 3616 culum
649 3553 682 3615 te
705 3569 833 3636 quoque
856 3551 976 3617 habere
999 3547 1110 3616 refers.
