2528 4038
190 223 235 292 ro
517 218 659 277 uvae.
676 215 876 274 munus

233 385 289 454 Li·
313 385 390 470 erit,
412 383 538 472 ingenti
559 381 659 450 saciet
682 380 830 448 convicia
852 401 945 447 voce:

193 493 225 543 ιο
279 473 361 542 Esse
384 474 488 558 pudor
509 472 613 538 vetuit
635 469 734 537 fortia
755 470 857 536 rerba
879 469 969 536 mihi

233 562 342 652 „Ergo
365 562 447 628 nihil
470 557 583 628 nobis“
604 561 638 626 in
662 560 712 626 uis
735 558 938 646 „praestabis
962 556 1125 624 amicusl“

278 649 440 737 Quidquid
462 651 613 735 libertus,
635 581 793 733 dandide
815 669 882 714 non
904 649 1036 735 poterit.
1176 697 1179 703 .

234 915 364 1004 Capena
387 915 502 1004 grandi
524 805 816 1000 pomaxrqlrdlplluit
838 916 935 1000 gutta

233 1005 477 1093 Phrygiumque
500 1003 615 1070 Matris
637 1004 736 1069 Almo
760 1025 825 1090 qua
847 1003 937 1069 lavat
959 1003 1093 1088 ferrum,

233 1093 446 1161 Horatiorum
469 1115 532 1179 qua
554 1093 639 1158 viret
662 1112 754 1158 sacer
777 1113 912 1178 campus
1068 1167 1077 1176 ,

234 1182 281 1248 Et
303 1205 368 1269 qua
388 1182 501 1270 pusilli
524 1181 628 1247 fervet
649 1179 801 1246 Herculis
823 1179 952 1265 lanum,

208 1269 402 1355 uFaustine,
425 1271 523 1356 plena
545 1268 667 1335 Bassus
689 1269 760 1335 ibat
782 1272 818 1334 in
840 1269 951 1356 raeda,

234 1358 353 1425 Omnes
376 1359 466 1424 beuti
489 1360 599 1443 copias
622 1357 756 1424 trahens
779 1357 874 1424 ruris.

235 1447 309 1515 Illic
331 1447 457 1514 rideres
481 1447 595 1513 frutice
618 1445 852 1513 nobili-caules

234 1535 280 1601 Ili
302 1540 474 1622 utrumque
497 1557 627 1621 porrum
651 1534 846 1620 sessilesque
869 1534 1012 1602 lactucas

234 1623 397 1712 Pigroque
420 1623 526 1690 ventri
547 1645 614 1690 non
636 1623 768 1690 inutiles
792 1623 900 1709 betas,

193 1729 225 1778 ιο
235 1709 308 1778 Illic
331 1734 484 1778 coronam
507 1712 683 1799 pinguibus
706 1733 841 1800 gravem
863 1711 968 1778 turdis

233 1799 455 1887 Leporemque
478 1801 601 1866 laesum
625 1799 744 1866 Gallici
768 1800 858 1866 cauis
881 1801 977 1866 deute

233 1887 449 1973 Nondumque
472 1889 558 1954 ricta
580 1890 721 1955 lacteum
743 1887 822 1954 faba
844 1911 1008 1975 porcum¹

233 1975 303 2042 Nec
325 1975 461 2042 feriatus
483 1977 554 2042 ibat
576 1983 652 2043 ante
675 1999 858 2062 carrucam,

234 2063 297 2129 Sed
318 2069 391 2130 tuta
414 2065 509 2131 faeno
532 2069 646 2131 cursor
668 2088 730 2134 ova
752 2065 918 2150 portabat.

191 2169 224 2218 ro
234 2149 359 2219 Urbem
381 2153 514 2240 petebat
537 2154 682 2220 Bassus?
704 2155 804 2220 immo
828 2177 884 2220 rus
907 2154 986 2220 ibat.

619 2312 770 2380 XLVIII.

234 2415 390 2503 Pauperis
413 2419 555 2485 extruxit
578 2419 710 2504 cellam,
733 2417 789 2485 sed
812 2417 957 2486 vendidit
971 2393 1058 2485 'Olus

277 2503 429 2574 Praedia:
449 2529 535 2574 nunc
558 2509 675 2574 cellam
696 2509 850 2595 pauperis
874 2507 955 2575 Olus
978 2507 1087 2574 habet.

637 2665 752 2733 XLIX.

232 2767 414 2836 Veientana
437 2772 518 2838 mihi
541 2774 672 2858 misces,
694 2774 751 2839 ubi
775 2773 916 2840 Massica
938 2777 1049 2858 potas:

278 2858 427 2952 Olfacere
450 2861 530 2927 haec
554 2864 640 2928 malo
663 2864 795 2948 pocula,
819 2885 917 2948 quam
940 2863 1066 2928 bibere·

676 3020 712 3090 L.

232 3127 325 3194 Haec
346 3127 422 3212 tibi,
444 3150 511 3194 non
534 3128 612 3213 alia,
636 3131 687 3194 est
709 3128 750 3195 ad
774 3150 886 3194 cenem
910 3150 1008 3195 causa
1030 3125 1172 3214 vocandi,

234 3218 240 3228 '
276 3215 466 3284 Versiculos
489 3217 606 3284 recites
629 3221 679 3301 ut,
702 3216 870 3303 Ligurine,
893 3221 978 3284 tuos.

232 3303 379 3390 Deposui
403 3305 524 3390 soleas,
547 3307 682 3372 effertur
705 3307 854 3392 protinus
878 3307 994 3393 ingens

277 3392 370 3459 Inter
393 3395 537 3458 lactucas
561 3415 805 3480 oxygarumque
828 3395 925 3460 liber:

209 3479 329 3545 tAlter
351 3483 543 3567 porrigitur,
567 3482 642 3546 dum
666 3483 788 3547 fercula
811 3483 917 3567 prima
939 3487 1120 3550 morantur:

278 3567 408 3635 Tertius
432 3574 496 3653 est,
518 3589 621 3654 neque
645 3569 749 3637 adhuc
772 3592 886 3638 mensa
909 3571 1169 3640 secundaverit:
