2528 4038
347 227 651 287 urlousnnrrori
669 227 736 288 uu.
754 229 803 286 111.
1043 227 1087 294 69

520 391 636 460 XLIV.

115 499 261 568 Occurrit
284 499 347 565 tibi
370 521 468 566 nemo
493 500 579 585 quod
602 501 756 586 libenter,

114 588 222 674 Quod,
247 610 440 676 quacunque
465 590 569 676 venis,
592 590 671 678 fuga
694 596 745 658 est
768 589 939 676 elingens

114 677 206 744 Circa
228 682 278 764 te,
302 677 471 764 Ligurine,
495 677 652 764 solitudo,

114 765 196 842 Quid
220 767 279 850 sit,
303 768 386 832 scire
409 767 525 852 cupis?
561 767 669 834 Nimis
692 770 791 852 poeta
813 787 858 834 es.

88 854 185 921 sHoc
206 856 302 922 valde
324 855 442 920 vitium
464 857 683 943 periculosum
707 861 766 922 est

113 941 188 1010 Non
210 944 308 1029 tigris
332 945 451 1011 catulis
475 945 577 1010 citata
599 944 718 1030 raptis,

113 1031 188 1098 Non
212 1034 324 1118 dipsas
346 1034 453 1100 medio
477 1037 611 1118 perusta
633 1032 717 1116 sole,

114 1119 183 1188 Nec
207 1123 255 1188 sic
278 1123 423 1209 scorpios
447 1123 616 1208 improbus
639 1123 784 1188 timetur.

115 1209 200 1276 Nam
222 1214 349 1296 tantos,
371 1233 468 1298 rogo,
491 1212 565 1296 quis
589 1211 673 1276 lerat
697 1211 847 1278 labores?

76 1315 105 1363 10
115 1299 161 1364 n:
183 1301 286 1366 stanti
309 1300 392 1388 legis
415 1304 450 1366 et
472 1301 555 1386 legis
579 1300 717 1384 sedenti,

116 1386 265 1454 Currenti
287 1389 371 1474 legis
395 1391 428 1454 et
450 1389 535 1475 legis
558 1388 718 1455 cacanti-

115 1475 155 1542 In
177 1479 321 1544 thermas
344 1477 450 1564 fugio:
474 1499 572 1542 sonas
597 1478 636 1542 ad
660 1498 782 1544 aurem.
903 1501 905 1506 ’

116 1567 276 1632 Piscinam
299 1571 390 1652 peto:
412 1589 480 1632 non
502 1567 581 1631 lieet
602 1570 725 1632 natare.

116 1655 167 1718 Ad
190 1678 304 1721 conam
327 1677 480 1741 propero:
503 1659 595 1720 tenes
619 1658 759 1720 euntem.

78 1743 168 1807 rshd
190 1765 302 1810 cenam
324 1745 435 1810 venio:
458 1744 554 1828 fugas
578 1743 752 1810 sedentem.

116 1831 232 1899 Lassus
256 1833 395 1899 dormio:
421 1831 558 1898 suscitas
581 1833 750 1898 iacentem.
971 1910 975 1917 ι

117 1917 187 2006 Vis,
209 1921 370 2007 quantum
393 1921 496 1987 facias
520 1919 614 2005 mali,
636 1919 767 1986 videre?
822 1973 824 1978 .
861 1933 864 1937 '
974 1923 980 1934 '

116 2005 174 2075 Vir
194 2011 314 2096 iustus,
337 2011 474 2096 probus,
490 2009 651 2076 innocens
674 2008 808 2074 timeris.

526 2166 626 2235 XLV.
671 2211 674 2215 -

117 2275 248 2364 Fugerit
271 2299 315 2342 an
336 2275 487 2340 Phoebus
512 2296 642 2340 mensas
665 2295 841 2360 canamque
864 2274 1027 2360 Thyestae

156 2365 293 2452 Ignoro:
315 2364 459 2450 fugimus
482 2385 557 2448 nos,
579 2363 749 2450 Ligurine,
770 2368 871 2430 tuam.

118 2451 176 2519 llla
195 2453 328 2540 quidem
347 2453 440 2518 lauta
459 2458 510 2518 ast
528 2449 728 2538 dapibusque
746 2453 907 2520 instructa
922 2452 1085 2538 superbis,

157 2541 220 2608 Sed
243 2541 328 2607 nihil
351 2541 484 2607 omnino
507 2543 541 2606 te
564 2542 723 2606 recitante
746 2543 863 2628 placet

94 2629 197 2698 5Nolo
222 2631 306 2696 mihi
328 2651 433 2715 ponas
456 2629 612 2698 rhombos
636 2630 814 2696 mullumve
837 2631 1002 2714 bilibrem,

155 2719 225 2787 Nec
248 2720 324 2786 volo
348 2719 490 2804 boletos,
513 2724 622 2784 ostrea
643 2719 734 2784 nolo:
756 2723 838 2786 tace.

435 2843 437 2846 ’
518 2856 634 2928 xcvi.

115 2967 228 3056 Exigis
251 2992 273 3036 a
293 2970 389 3036 nobis
414 2991 547 3054 operam
571 2967 641 3034 sino
663 2967 727 3034 fine
749 2971 914 3054 togatam:

156 3057 232 3124 Non
255 3081 308 3144 eo,
331 3059 486 3125 libertum
510 3057 566 3123 sed
589 3057 651 3122 tibi
675 3059 773 3123 mitto
797 3079 914 3123 meum.
1109 3117 1115 3126 .

114 3145 208 3230 „Non
228 3147 297 3214 est“
319 3148 428 3234 inquis
451 3145 584 3232 „idem.“
616 3145 721 3211 Multo
740 3146 815 3230 plus
835 3168 905 3212 esse
923 3146 1084 3231 probabo:

154 3235 217 3302 Vix
242 3257 304 3322 ego
327 3239 478 3303 lecticam
501 3236 694 3321 subsequar,
716 3235 773 3299 ille
796 3233 888 3301 feret.

91 3323 153 3388 tln
174 3325 307 3392 turbam
329 3326 497 3410 incideris,
521 3327 654 3390 cunctos
678 3323 820 3388 umbone
843 3323 995 3408 repellet:
1037 3374 1040 3379 .

155 3413 340 3481 Invalidum
364 3420 415 3481 est
437 3415 532 3480 nobis
556 3415 797 3500 ingenuumque
820 3412 918 3478 latus.

115 3499 278 3577 Quidlibet
300 3505 333 3570 in
358 3525 457 3571 causa
479 3502 677 3587 narraveris,
700 3502 772 3585 ipse
794 3500 923 3567 tacebo:

156 3592 203 3658 A:
225 3593 288 3660 tibi
311 3592 530 3681 tergeminum
554 3592 681 3676 mugiet
703 3589 761 3655 ille
784 3589 915 3676 sophos.
945 3617 946 3622 ¹
