2596 4034
165 185 233 254 248
272 151 304 254 s
456 227 458 231 -
495 187 534 246 u.
553 186 636 246 vsa.
654 184 855 244 usuarius

209 349 256 417 Et
278 372 374 437 quae,
397 371 470 416 cum
494 351 647 417 comitem
669 349 773 415 trahit
795 349 965 433 pudorem,

211 435 345 524 Semper
366 439 541 524 pauperior
562 438 648 504 redit
670 442 831 522 potestas:

184 526 303 596 tFalix
326 529 485 594 auriferae
508 529 765 610 colonetense,

210 616 382 684 Rectorem
404 639 506 683 vacuo
530 619 603 684 sinu
625 614 774 682 remittes

149 778 151 784 ,
211 703 415 790 Optabisque
437 727 560 790 moras,
584 709 616 771 et
638 707 809 771 exeuntem

100 813 102 816 ·
210 792 284 860 Udo
307 791 464 859 Dalmata
487 793 606 880 gaudio
630 793 783 879 sequeris.

210 880 280 947 Nos
304 879 429 965 Celtas,
451 881 574 969 Macer,
598 887 631 948 et
654 885 761 948 truces
784 879 928 948 Hiberos

168 968 294 1038 loOum
318 969 476 1037 desiderio
499 972 548 1036 tui
571 976 728 1056 petemus.

211 1057 275 1126 Sed
298 1081 505 1146 quaecunque
527 1063 637 1126 tamen
659 1058 783 1126 feretur
805 1059 897 1126 illinc

210 1146 336 1215 Piscosi
359 1148 486 1215 calamo
508 1147 593 1236 Tagi
615 1153 743 1239 notata,

210 1236 358 1304 Macrum
380 1237 503 1324 pagina
525 1235 640 1304 nostra
662 1236 858 1304 nominabit:

211 1323 264 1392 Sic
286 1325 373 1390 inter
395 1329 521 1392 veteres
546 1327 639 1414 legar
660 1329 789 1412 poetas,

167 1412 281 1481 toNeo
303 1414 424 1480 multos
448 1415 529 1480 mihi
551 1415 716 1502 praeferas
739 1416 877 1502 priores,

210 1502 287 1570 Uno
311 1503 367 1570 sed
389 1503 452 1569 tibi
474 1505 536 1570 sim
558 1503 666 1571 minor
690 1501 829 1570 Catullo.

602 1634 747 1702 LXXIX.

211 1730 265 1800 Ad
286 1733 428 1818 lapidem
450 1732 636 1818 Torquatus
658 1733 760 1800 habat
783 1733 945 1820 praetoria
968 1735 1136 1819 quartum3
1172 1795 1179 1830 Ι
1287 1735 1288 1816 j

256 1821 309 1886 Ad
332 1825 483 1906 quartum
507 1821 606 1888 breve
628 1844 684 1888 rus
709 1822 788 1888 emit
811 1821 977 1890 Otacilius.

211 1908 396 1996 Torquatus
418 1910 541 1977 nitidas
563 1911 654 1976 vario
678 1910 717 1976 de
740 1933 901 1977 marmore
923 1911 1067 1977 thermas

85 2071 88 2076 Δ
139 2009 149 2013 “
256 1996 425 2086 Extrux‘it3
448 2021 616 2068 ououmam
638 1997 716 2066 fecit
738 1998 904 2066 Otacilius.
1135 2013 1148 2063 l

185 2086 384 2173 sDisposuic
407 2087 581 2174 daphnona
604 2109 663 2152 suo
686 2087 871 2173 Torquatus
894 2089 929 2154 in
952 2109 1046 2178 agr03

257 2175 437 2244 Castaneas
461 2181 591 2243 centum
615 2177 698 2242 sevit
721 2176 888 2245 Otacilius.

212 2263 354 2334 Oonsule
377 2265 544 2351 Torquato
568 2265 632 2348 vici
653 2264 718 2330 fuit
740 2266 797 2331 ille
821 2267 991 2352 magister,

141 2383 142 2386 ¹
256 2353 333 2420 Non
356 2355 463 2420 minor
485 2354 521 2418 in
543 2358 635 2418 tanto
658 2353 748 2420 uisus
771 2353 895 2420 honore
918 2355 991 2420 sibi.

212 2441 351 2510 Grandis
375 2447 412 2508 ut
434 2443 586 2528 exiguam
609 2443 669 2508 bos
691 2465 806 2508 ranam
828 2447 962 2529 ruperat
985 2441 1077 2527 olim,
1205 2451 1209 2458 '

169 2547 203 2600 ιο
258 2529 325 2618 Sic,
347 2535 443 2618 puto,
465 2531 650 2618 Torquatus
673 2535 802 2618 rumpet
825 2531 1011 2600 Otacilium.

612 2671 732 2738 LXXX

212 2769 327 2837 Plorat
348 2769 448 2854 Eros,
471 2769 620 2854 quotiens
643 2771 828 2837 maculosae
851 2773 969 2858 pocula
991 2793 1120 2839 murrae
1156 2851 1161 2856 ,
1286 2775 1288 2832 l

256 2857 395 2943 Inspicit
418 2861 474 2924 aut
496 2869 614 2942 pueros
637 2860 818 2926 nobiliusve
842 2863 973 2946 citrum,
1082 2861 1083 2864 ’

211 2947 258 3014 Et
281 2947 423 3034 gemitus
446 2947 625 3012 imo-ducit
648 2948 686 3014 de
710 2953 855 3034 pectore,
879 2949 965 3036 quod
987 2972 1054 3017 non

257 3034 342 3102 Tota
364 3037 463 3100 misor
487 3041 615 3102 ootmat
638 3035 764 3122 Saepta,
780 3038 929 3124 feratque
953 3039 1093 3106 domum.

186 3123 319 3202 stiuam
342 3125 439 3190 multi
462 3123 601 3210 faciunt,
626 3126 711 3212 quod
725 3125 833 3206 Eros,
857 3127 914 3192 sod
937 3128 1060 3194 lumine
1083 3128 1185 3203 sicoo!

257 3213 339 3280 Pars
362 3214 467 3300 maior
490 3214 642 3280 lacrimas
667 3215 752 3280 ridet
774 3220 807 3282 et
830 3217 918 3283 intus
942 3218 1053 3286 habet.

604 3355 741 3424 LXXXI

214 3451 296 3519 Oum
320 3452 384 3520 duo
407 3454 573 3520 uenissent
596 3455 637 3521 ad
661 3407 812 3540 Phyllida
835 3479 929 3522 mana
952 3456 1097 3524 fututum

256 3540 304 3606 Et
326 3541 448 3608 nudam
472 3549 605 3629 cuperet
629 3565 756 3611 sumere
780 3551 916 3632 uterque
938 3548 1043 3634 prior,
