2596 4034
204 199 279 268 ’158
510 203 512 208 ’
542 199 581 260 Μ.
598 198 681 256 VAL.
699 196 901 256 Mantiane

257 365 304 432 Te
326 365 382 452 pia
405 363 580 450 Cecropiae
604 362 780 430 comitatur
802 362 902 428 turba
924 360 1102 446 Minervae,

303 453 349 520 Te
373 458 498 520 secreta
521 453 625 538 quies,
648 456 682 518 te
706 450 829 538 sophos
854 451 960 516 omnis
984 455 1081 517 amat.

231 543 305 610 oAt
327 543 458 609 iuvenes
483 541 564 607 alios
586 540 695 607 fracta
718 540 797 606 colit
821 561 899 604 aure
923 540 1081 627 magister

301 632 348 698 Et
370 630 458 716 rapit
481 629 661 696 immeritas
686 627 835 694 sordidus
858 632 977 696 unctor
999 650 1086 714 opes.

256 719 334 787 Non
356 719 437 806 pila,
459 740 525 784 non
548 717 651 801 follis,
673 738 740 783 non
763 721 796 782 te
819 717 980 802 paganica
1003 717 1140 782 thermis

300 808 493 895 Praeparat,
517 810 573 872 aut
596 805 676 872 nudi
700 805 823 892 stipitis
847 805 932 872 ictus
954 807 1069 890 hebes,
1137 847 1139 852 ,

257 895 347 964 Vara
368 919 428 963 nec
450 897 485 962 in
507 896 597 962 lento
621 900 785 961 ceromate
808 895 942 960 brachia
965 895 1085 978 tendis,

217 1001 248 1052 ιο
301 985 378 1052 Non
400 985 557 1072 harpasta
579 1005 683 1070 vagus
708 983 936 1069 pulverulenta
958 985 1063 1070 rapis,

258 1071 322 1140 Sed
345 1074 448 1140 curris
470 1073 583 1140 niveas
606 1077 735 1138 tantum
758 1094 860 1158 prope
884 1071 1032 1160 Virginis
1055 1071 1170 1152 undas,

244 1173 246 1179 ‘
302 1161 371 1228 Aut
393 1163 450 1227 ubi
474 1161 606 1229 Sidonio
630 1165 742 1226 taurus
767 1183 879 1226 amore
903 1163 995 1227 calet.

257 1249 320 1316 Per
342 1249 450 1317 varies
475 1257 577 1334 artes,
601 1250 705 1316 omnis
730 1251 848 1335 quibus
872 1269 949 1315 area
973 1249 1090 1333 servit,

301 1337 439 1425 Ludere,
462 1361 534 1407 cum
557 1339 656 1406 liceat
679 1360 820 1421 currere,
843 1337 981 1423 pigritia
1004 1342 1062 1403 est

562 1495 566 1512 ²
645 1469 797 1536 XXXIII.

259 1554 425 1633 Sordidior
448 1588 546 1633 caeno
571 1589 643 1634 cum
668 1569 711 1633 sit
735 1571 827 1654 toga,
851 1566 977 1634 calceus
1002 1571 1111 1633 autem

303 1654 480 1722 Candidior
501 1657 606 1743 prima
630 1655 674 1722 sit
697 1656 774 1736 tibi,
798 1654 915 1736 Cinna,
937 1656 1025 1722 nive:

257 1743 392 1810 Deiecto
417 1744 506 1830 quid,
529 1745 653 1831 inepte,
676 1745 774 1830 pedes
798 1744 965 1830 perfundis
989 1743 1143 1829 amictu?-
1187 1811 1192 1845 Ι

303 1830 444 1920 Collige,
468 1830 586 1918 Cinna,
610 1837 737 1920 togam3
760 1835 886 1900 calceus
911 1855 984 1902 ecee
1007 1834 1100 1920 perit

645 1973 794 2040 XXXIV.
832 1921 896 2048 Is

259 2069 330 2148 Quo
352 2073 459 2158 possit
483 2072 555 2137 fieri
579 2071 689 2155 modo,
713 2071 843 2156 Serere,

258 2160 306 2227 Ut
327 2161 378 2224 vir
399 2161 559 2246 pessimus
584 2161 730 2226 omnium
753 2157 913 2227 Charinus

258 2247 366 2314 Unam
389 2270 458 2313 rem
482 2248 713 2329 benefecerit,
735 2249 896 2334 requiris?

257 2336 386 2420 Dicam,
409 2337 465 2402 sed
488 2338 561 2403 cito.
600 2335 684 2413 Quid
706 2336 835 2403 Nerone
857 2339 973 2424 peius?
1107 2337 1120 2345 ’

232 2425 344 2502 oQuid
366 2425 502 2490 thermis
527 2425 643 2491 melius
667 2423 887 2492 Neronianis?

259 2513 334 2580 Non
357 2514 448 2579 deest
470 2514 631 2599 protinus,
655 2535 741 2598 ecce,
765 2514 804 2580 de
830 2514 998 2602 malignis,
1033 2575 1035 2578 .

259 2602 322 2680 Qui
346 2603 392 2668 sic
414 2603 582 2668 rancidulo
605 2603 759 2688 loquatur
784 2625 854 2668 ore:

258 2689 323 2774 „Ut
346 2689 423 2775 quid
446 2696 482 2758 tu
506 2691 628 2758 domini
651 2691 764 2776 deique
787 2691 893 2758 nostri

258 2777 406 2844 Praefers
430 2780 617 2846 muneribus
641 2779 887 2846 Neronianas?“

217 2886 248 2934 ro
258 2867 415 2932 Thermas
439 2868 586 2954 praefero
610 2869 736 2934 balneis
760 2867 900 2960 cinaedi,

654 2984 787 3077 xxxv.
832 2975 882 3061 ‘f

1095 2003 1100 2016 '
1154 2031 1165 2082 r

258 3104 398 3259 Inguina
422 3107 605 3174 succinctus
628 3099 724 3193 nigra
746 3107 807 3174 tibi
831 3128 943 3174 servus
968 3109 1060 3176 aluta
1090 3143 1093 3148 ·

326 3198 389 3279 tat,
413 3197 563 3280 quotiens
587 3197 701 3264 calidis
725 3201 797 3264 tota
819 3195 939 3263 foveris
964 3199 1068 3284 aquis.

259 3280 322 3347 Sed
344 3267 448 3366 deus,
471 3289 509 3349 ut
531 3286 570 3350 de
593 3309 645 3351 me
668 3290 808 3369 taceam,
830 3285 1005 3366 Laecania,
1029 3307 1139 3354 servus

303 3368 459 3434 Iudaeum
481 3372 568 3437 nuda
592 3375 651 3438 sub
675 3378 748 3440 cute
771 3373 899 3460 pondus
923 3374 1037 3458 habet,

235 3452 324 3519 asad
345 3457 424 3520 nudi
446 3464 553 3524 tecum
576 3461 771 3546 iuvenesque
796 3483 953 3547 senesque
976 3463 1139 3529 lavantur.
1266 3444 1267 3527 i

306 3541 359 3606 An
381 3543 452 3606 sola
476 3551 527 3618 est¹
550 3549 634 3612 servi
657 3550 803 3614 mentula
826 3571 902 3615 vera
925 3550 997 3616 tui?
