2528 4038
347 189 645 248 EPIGRAMMATON
661 191 729 248 ΠΒ.
747 191 796 252 ΙΙΙ.
1037 195 1079 262 79

102 354 239 421 Domini
262 354 406 420 bibentis
430 354 555 421 ebrium
579 354 667 442 regit
688 375 813 439 penem.

4 479 6 538 1
102 443 796 600 111111111111111

61 620 253 688 11Ρ11111111
277 622 348 707 apri
373 623 545 710 glandulas
568 622 770 709 palaestritis

102 709 150 775 Et
174 711 354 777 concubino
377 717 544 778 turturum
566 717 661 778 nates
685 711 801 796 donat3

102 798 327 888 Ligurumque
350 800 446 866 nobis
470 822 549 866 saxa
572 822 647 867 curn
669 800 896 867 ministrentur

102 887 167 954 Vel
191 892 285 954 cocta
306 888 406 955 fumis
429 894 540 954 musta
562 887 792 976 Massilitanis,

102 977 315 1063 Opimianum
338 977 541 1044 morionibus
564 983 678 1044 nectar

3 1031 6 1094 i
60 1083 92 1132 11
103 1065 380 1152 Crystallinisque
403 1067 620 1153 murrinisque
643 1065 805 1152 propinat

2 1191 3 1238 3
101 1155 149 1221 Et
175 1152 360 1221 Cosmianis
382 1155 453 1241 ipse
475 1155 568 1222 fusus
592 1155 748 1242 ampullis

2 1287 3 1292 κ
101 1243 181 1310 Non
204 1244 367 1310 erubescit
390 1243 512 1310 mimice
531 1267 629 1311 aureo
652 1243 749 1310 nobis

2 1381 3 1388 1
101 1332 258 1398 Dividere
282 1332 436 1398 moechae
459 1333 612 1420 pauperis
636 1332 801 1419 capillare.

101 1421 266 1507 Septunce
289 1422 395 1487 multo
419 1421 534 1487 deinde
557 1421 702 1508 perditus
726 1421 849 1488 stertit:

1 1546 3 1551 .
60 1529 91 1578 30
101 1509 175 1577 Nos
201 1510 395 1576 accubamus
420 1512 467 1593 et,
491 1510 657 1576 silentium
680 1509 836 1576 rhonchis

100 1600 277 1666 Praestare
300 1599 395 1685 iussi,
417 1599 551 1666 nutibus
574 1599 795 1685 propinamus.

1 1703 2 1772 l
99 1689 173 1755 Hos
188 1687 393 1754 Malchionis
416 1689 561 1773 patimur
583 1685 725 1773 improbi
747 1685 868 1773 fastus,

1 1779 2 1848 i
100 1776 174 1846 Nec
196 1775 367 1862 vindicari,
389 1775 487 1862 Rufe,
509 1797 697 1862 possumus:
719 1773 823 1841 fellat

387 1985 389 1990 .
479 1933 660 2002 LXXXIII.

1 1957 3 2090 i
102 2043 150 2112 Ut
174 2042 295 2110 faciam
318 2041 469 2109 breviora
493 2061 605 2106 mones
630 2041 880 2128 epigrammata,
905 2037 1020 2108 Corde.

146 2131 233 2219 „Pac
256 2131 350 2218 mihi,
373 2131 459 2218 quod
483 2128 638 2197 Chione“:
661 2152 728 2196 non
749 2133 843 2216 potui
865 2131 1006 2197 brevius.

481 2287 659 2356 LXXXIV.

101 2399 188 2479 Quid
211 2400 326 2464 narrat
348 2401 406 2463 tua
428 2395 586 2463 moecha?
620 2395 696 2462 Non
718 2395 863 2484 puellam

100 2489 194 2575 Dixi,
219 2485 417 2574 Gongylion
454 2483 540 2562 Quid
563 2485 664 2572 ergo?
687 2484 843 2572 linguam.

487 2642 649 2710 LXXXV.

100 2755 184 2834 Quis
208 2753 270 2820 tibi
293 2751 456 2839 persuasit
478 2773 574 2818 nares
598 2749 764 2818 abscidere
787 2752 945 2820 moecho?

146 2843 224 2910 Non
246 2843 318 2908 hac·
330 2845 500 2927 peccatum
525 2844 705 2926 11111111,
729 2841 860 2925 marite,
883 2841 955 2909 tibi.

100 2933 226 3018 Stulte,
249 2930 328 3018 quid
350 2929 470 3018 egisti?
487 2924 576 2996 'nihil
600 2929 654 2994 hio
676 2927 739 2993 tibi
761 2929 904 3013 perdidit
925 2953 1023 3018 uxor,

1 3028 2 3033 ’
147 3020 231 3090 Oum
256 3019 301 3086 sit
325 3019 416 3084 salva
439 3018 488 3084 tui
511 3019 657 3084 mentula
679 3015 853 3101 Deiphobi

477 3175 656 3244 LXXXVI

98 3287 152 3355 Ne
175 3286 302 3374 legeres
325 3289 454 3373 partem
477 3285 607 3370 lascivi,
630 3286 735 3370 casta,
757 3282 875 3369 libelli,

146 3375 298 3442 Praedixi
322 3379 355 3440 et
379 3373 504 3441 monui:
528 3378 565 3439 tu
588 3377 713 3458 tamen,
736 3393 822 3458 ecce,
844 3370 937 3458 Iegis.

99 3464 163 3533 Sed
189 3465 217 3530 ri
239 3463 453 3530 Panniculum
477 3468 606 3547 spectas
629 3467 676 3546 et,
699 3464 804 3547 casta,
826 3459 994 3548 Latinum,
1012 3496 1049 3512 -

145 3555 225 3623 Non
249 3556 326 3620 sunt
348 3553 429 3620 haec
452 3553 562 3618 mimis
585 3550 788 3638 improbiora
811 3586 852 3598 -
876 3550 977 3638 lege'

1 3611 3 3678 ,
