2528 4038
333 249 634 309 EPIGRAMMA'I'ON
653 251 720 308 ΜΒ.
741 251 775 310 V.
1003 251 1066 320 121

95 413 213 482 Omnes
237 417 535 504 grammaticosque
560 415 774 502 rhetorasque

98 505 240 589 Deuites,
263 529 395 574 moneo:
418 505 501 571 nihil
528 504 572 571 sit
594 506 645 571 illi

77 593 176 661 tCum
200 595 295 662 libris
320 593 486 662 Ciceronis
510 599 567 660 aut
588 593 751 681 Maronis3

99 682 212 750 Famae
236 683 398 752 Tutilium
422 707 501 750 suae
522 684 704 769 relinquas3

99 771 131 838 si
152 795 264 840 versus
288 773 382 859 facit,
406 773 536 840 abdices
559 779 701 860 poetam.

98 861 191 928 Artes
215 863 339 930 discere
363 865 435 929 vult
457 863 673 948 pecuniosus?

98 948 158 1017 Fae
181 951 287 1018 discat
310 951 518 1018 citharoedus
543 955 601 1018 aut
623 950 809 1038 choraules3

65 1055 91 1104 10
100 1036 132 1104 si
154 1040 226 1106 duri
249 1063 331 1126 puer
353 1041 465 1128 ingeni
489 1041 630 1124 videtur,

98 1127 294 1198 Praeconem
316 1129 419 1198 facias
444 1130 495 1196 vel
518 1129 742 1197 architectum.

509 1279 612 1348 LVII.

100 1373 177 1445 Cum
201 1399 284 1445 voco
307 1380 341 1444 tc
364 1377 548 1463 dominum,
570 1377 639 1444 noli
662 1378 737 1464 tibi,
761 1375 880 1463 Cinna,
903 1379 1047 1466 placere:

140 1466 245 1556 Saepe
269 1467 369 1534 etiam
394 1489 524 1534 servum
548 1467 595 1534 sio
618 1469 761 1534 resaluto
785 1471 888 1534 tuum.

501 1617 620 1686 LVIII.

100 1713 176 1783 Cras
200 1721 234 1782 te
258 1716 435 1802 victurum,
458 1737 531 1781 oras
555 1714 648 1798 dicis,
670 1714 841 1800 Postume,
865 1737 1002 1803 semper.

140 1805 201 1872 Dic
226 1805 320 1891 mibi,
343 1827 417 1872 cras
440 1804 543 1888 istud,
566 1804 733 1888 Postume,
758 1805 886 1890 quando
909 1804 1021 1872 venit?

94 1893 202 1972 'Quam
217 1895 318 1981 longe
333 1917 405 1961 cras
419 1893 522 1975 istud,
536 1892 593 1958 ubi
608 1893 680 1959 est?
700 1897 758 1959 aut
775 1893 859 1960 unde
874 1892 1070 1980 petendum?

115 2054 117 2059 s
139 1983 309 2068 Numquid
333 1983 420 2070 apud
441 1981 584 2048 Parthos
608 1982 846 2068 Armeniosque
868 1983 971 2048 latet?
1051 2046 1055 2051 .

74 2071 165 2138 olem
189 2095 263 2138 oras
286 2071 375 2138 istud
399 2071 499 2136 habet
522 2071 644 2136 Priami
667 2071 720 2136 val
743 2071 895 2137 Nestoris
919 2092 1030 2137 annos.

142 2160 224 2229 Cras
248 2160 338 2226 istud
362 2160 491 2246 quanti,
515 2160 567 2226 dic
590 2159 684 2238 mihi,
708 2159 814 2245 possit
837 2159 923 2226 emi?

100 2247 175 2316 Cras
200 2250 314 2316 vives?
337 2249 434 2316 hodie
457 2249 524 2314 iam
548 2247 669 2334 vivere,
688 2247 856 2336 Postume,
875 2270 984 2316 serum
1008 2252 1071 2314 est:

139 2338 200 2405 Ille
224 2339 326 2426 sapit,
350 2339 513 2424 quisquis,
536 2337 706 2423 Postume,
730 2338 813 2404 vixit
833 2335 914 2404 heri.

525 2477 609 2544 LIX.
639 2501 641 2504 ·

101 2575 190 2655 Quod
205 2601 271 2646 non
281 2581 474 2666 argentum,
489 2576 575 2661 quod
594 2597 660 2642 non
678 2575 740 2641 tibi
760 2576 923 2644 mittimus
943 2597 1072 2662 aarum,

141 2667 214 2735 Hoc
237 2668 375 2734 iacimus
399 2663 639 2749 causa,‚Stella
663 2664 794 2750 diserte,
817 2669 883 2732 tua

101 2755 253 2843 Quisquis
277 2778 398 2844 magna
422 2754 524 2838 dedit,
548 2753 654 2820 voluit
676 2755 742 2819 sibi
764 2776 887 2842 magna
909 2755 1048 2840 remitti3

141 2845 314 2913 Fictilibus
337 2843 460 2912 nostris
484 2846 677 2909 exoneratus
701 2842 773 2909 eris.
847 2925 850 2930 Ι

532 2983 600 3050 LX.

101 3085 244 3154 Allatres
268 3085 345 3152 licet
368 3106 470 3170 usque
494 3105 554 3150 nos
579 3087 612 3149 et
633 3104 735 3169 usque

92 3173 144 3241 :nt
166 3175 357 3264 gannitibus
379 3174 540 3260 improbis
564 3174 719 3256 lacessas,

102 3261 231 3332 Certum
256 3269 307 3330 est
329 3263 415 3330 banc
438 3263 500 3329 tibi
524 3281 701 3348 pernegare
724 3258 861 3342 famam,

103 3349 187 3420 Olim
211 3375 309 3440 quam
333 3353 432 3439 petis,
455 3353 488 3416 in
513 3352 595 3417 meis
617 3350 739 3416 libellis
835 3396 840 3401 -

80 3439 341 3528 cQualisounque
364 3441 487 3528 legaris
511 3445 549 3506 ut
571 3461 629 3526 per
653 3438 774 3505 orbem.
842 3492 849 3505 .

101 3529 185 3598 Nam
207 3537 242 3598 te
266 3553 323 3598 cur
347 3531 466 3617 aliquis
490 3531 574 3596 sciat
596 3527 720 3594 luisse?
886 3614 888 3619 Ι

23 3679 26 3682 .
101 3615 236 3708 Ignotus
260 3639 390 3708 pereas,
414 3618 527 3704 miser,
549 3639 682 3684 necesse
704 3616 762 3681 est.
