2528 4038
170 214 214 282 84
500 213 539 270 Μ.
560 213 639 270 VAL.
658 211 855 270 Msnuffls

213 375 292 456 Quis
316 378 409 446 siccis
432 377 564 444 lascivit
587 377 681 462 aquis
703 381 738 442 et
760 375 802 442 ab
826 346 957 443 aethere
979 376 1084 444 ludit?

258 465 413 555 Suspicor
435 466 497 533 has
519 465 613 551 pueri
636 463 785 532 Caesaris
809 487 880 532 esse
901 465 1003 532 nives.
1133 541 1135 545 y

648 595 698 662 IV

213 686 307 764 Quod
330 687 434 754 siccae
456 686 583 753 redolet
606 685 702 772 palus
725 685 874 772 lacunae,

213 774 393 842 Crudarum
416 776 556 842 nebulae
580 773 666 860 quod
689 772 901 860 Albularum,
930 775 932 780 ’

212 863 362 930 Piscinae
384 867 478 930 vetus
503 885 583 930 aura
606 861 692 946 quod
715 861 876 942 marinae,

213 950 308 1029 Quod
329 975 444 1040 pressa
468 953 561 1040 piger
583 951 694 1016 hircus
716 951 752 1016 in
775 951 919 1038 capella2

187 1040 310 1107 chassi
331 1040 502 1107 vardaicus
526 1039 612 1125 quod
631 1037 774 1121 ‘evocati

213 1127 307 1206 Quod
331 1130 381 1196 bis
404 1129 526 1194 murice
549 1127 653 1194 vellus
676 1127 899 1212 inquinatum,

96 1248 100 1255 ¹
213 1217 307 1295 Quod
329 1217 450 1284 ieiunia
472 1215 749 1299 sabbatariarum,

212 1305 414 1373 Maestorum
437 1305 523 1393 quod
547 1303 711 1371 anhelitus
734 1325 882 1390 reorum,

213 1393 307 1471 Quod
330 1415 466 1482 spurcae
489 1393 631 1460 moriens
654 1393 787 1459 lucerna
809 1392 931 1478 Ledae,

170 1498 203 1548 ιο
214 1481 308 1560 Quod
330 1485 495 1549 ceromata
516 1482 606 1549 faece
629 1482 668 1548 de
692 1479 829 1567 Sabina,

213 1568 307 1646 Quod
329 1571 436 1658 vulpis
460 1571 550 1658 fuga,
572 1569 705 1656 viperae
728 1570 849 1648 cubile,

213 1657 348 1724 Mallem
372 1681 471 1746 quam
494 1659 582 1746 quod
605 1661 673 1725 oles
697 1659 799 1744 olere,
822 1659 934 1726 Bassa

657 1789 689 1856 V

211 1878 273 1946 Vir
295 1880 401 1946 bonus
424 1884 458 1946 et
481 1901 604 1966 pauper
626 1880 801 1966 linguaque
825 1883 859 1946 et
880 1884 1014 1968 pectore
1038 1903 1152 1964 verus,

258 1967 344 2047 Quid
366 1967 429 2034 tibi
451 1968 516 2054 ris,
538 1968 651 2034 urbem
674 1968 744 2053 qui,
766 1967 924 2053 Fabiano,
948 1970 1058 2054 petis?

213 2055 276 2134 Qui
298 2079 358 2124 nee
380 2058 455 2124 leno
480 2061 573 2142 potes
596 2079 656 2122 nec
679 2055 873 2140 comissator
894 2056 1024 2142 haberi,

257 2144 327 2212 Nec
348 2145 485 2231 pavidos
498 2145 597 2211 ,tristi
619 2167 697 2211 voce
721 2146 822 2211 citare
846 2167 935 2230 reos,

187 2233 283 2302 eNeo
306 2239 400 2322 potes
423 2255 557 2300 uxorem
580 2233 647 2298 cari
670 2255 877 2318 corrumpere
900 2235 1011 2318 amici,

257 2321 327 2388 Nec
350 2327 443 2408 potes
467 2323 613 2407 algentes
637 2323 780 2409 arrigere
805 2321 846 2387 ad
868 2323 1010 2406 vetulas,

211 2410 362 2478 Vendere
383 2433 443 2478 uec
466 2433 568 2478 vanos
591 2412 710 2477 circum
733 2410 864 2476 Palatia
885 2411 1008 2495 fumos,

257 2500 416 2567 Plaudere
438 2521 497 2565 nec
521 2497 624 2583 Oeno,
646 2499 799 2584 plaudere
821 2521 882 2566 nec
904 2499 1093 2586 Glaphyro:

212 2587 307 2656 Unde
325 2589 424 2654 miser
441 2589 554 2654 vives?
586 2587 713 2672 „Homo
732 2593 840 2654 certus
846 2640 854 2672 ,
872 2588 956 2654 fidus
974 2591 1102 2658 amicus
1122 2588 1184 2655 -“.

169 2693 203 2743 ιο
258 2677 331 2744 Hoc
352 2676 437 2742 nihil
461 2682 524 2743 est:
546 2697 714 2762 nunquam
737 2677 784 2743 sic
806 2677 1010 2744 Philomelus
1034 2682 1113 2748 eris.

648 2808 697 2874 VI

214 2894 309 2964 Credi
333 2896 460 2984 virgine
484 2897 605 2963 castior
627 2898 745 2983 pudica

212 2985 259 3052 Et
280 2985 400 3051 frontis
423 2991 553 3052 tenerae
577 2987 668 3071 cupis
691 2987 809 3072 videri,

214 3072 297 3140 Oum
321 3073 365 3138 sis
388 3074 583 3160 improbior,
605 3075 791 3158 Malisiene,

214 3161 319 3239 Quam
342 3162 398 3248 qui
421 3162 621 3248 compositos
645 3169 750 3230 metro
773 3163 896 3230 Tibulli

124 3328 128 3335 ¹
187 3249 253 3317 uln
275 3250 397 3317 Stellae
420 3252 538 3318 recitat
562 3253 658 3318 domo
682 3253 821 3319 libellos.

30 3389 156 3590 ‘'¹5³5'ss
177 3465 191 3570 ξ
215 3467 295 3553 Our,
312 3471 389 3537 here
409 3472 496 3557 quod
515 3383 789 3576 dederasYIlibdia
808 3473 1020 3578 puerflylle,
1044 3477 1185 3567 negasti,

163 3573 196 3633 2
259 3557 368 3624 Durus
390 3563 461 3626 tam
484 3560 608 3646 subrto,
631 3584 687 3647 qur
711 3563 807 3630 modo
831 3570 920 3630 mrtrs
944 3566 1039 3632 eras?
1188 3597 1195 3608 ·

30 3667 103 3722 Ab.
147 3691 156 3714 '-
194 3672 243 3734 ξ,
