2528 4038
190 217 264 286 ’122
529 222 568 278 hl.
586 221 668 280 VAIn
687 221 885 280 MARTIALIS

243 382 321 451 Non
344 384 481 453 deerunt
502 389 614 453 tamen
637 385 699 454 huc
722 387 757 453 iu
780 388 860 453 urbe
883 386 995 452 forsuu

242 471 337 540 Unus
361 475 413 540 vel
437 475 632 542 duotresve
656 479 866 561 quattuorue,

201 577 233 627 ιο
244 561 368 628 Pellem
391 564 505 630 rodere
529 565 584 650 qui
607 565 710 632 velint
733 565 896 632 caninam:
967 645 970 651 Ι

242 649 313 717 Nos
337 652 399 718 hac
423 675 442 720 a
466 654 574 721 scabie
598 657 745 721 tenemus
769 675 903 740 ungues.

611 761 615 768 '
662 785 747 852 nx1.

242 879 411 968 Crispulus
434 884 497 950 iste
521 883 592 970 quis
616 887 679 970 cst,
701 883 795 950 uxori
818 905 946 970 semper
969 881 1123 950 adhaeret
1249 905 1250 928 ³

288 969 364 1057 Qui,
386 971 543 1056 Marione,
567 971 666 1038 tuae?
690 972 852 1057 crispulus
875 974 937 1038 iste
961 973 1033 1058 quis
1058 971 1128 1038 est‘l
1249 1033 1250 1038 ,

243 1057 361 1127 Nescio
385 1061 462 1144 quid
485 1059 635 1126 dominae
653 1065 801 1128 teneram
820 1061 876 1146 qui
894 1064 1000 1146 garrit
1021 1063 1056 1126 in
1080 1079 1181 1126 aurem
1249 1101 1250 1134 q

287 1148 333 1214 Et
356 1149 472 1215 sellum
496 1151 605 1216 cubito
630 1149 810 1216 dexteriore
833 1151 975 1236 premit?

148 1235 156 1251 “
217 1235 308 1303 tPer
331 1237 421 1303 cuius
445 1237 566 1324 digitos
591 1240 692 1304 currit
714 1239 798 1304 levis
821 1239 938 1304 anulus
961 1251 1107 1322 omues‚'

287 1325 391 1394 Oruru
404 1327 501 1414 perit
522 1328 613 1392 nullo
637 1327 693 1414 qui
717 1328 840 1394 violate
862 1326 954 1415 pilo?
1249 1413 1250 1416 Ἴ

242 1411 300 1480 Nil
323 1415 405 1481 mihi
427 1415 625 1502 respondes?
661 1415 800 1501 „Uxoris
824 1438 875 1482 res
899 1416 988 1503 agir‘
1009 1415 1117 1502 inquis
1249 1457 1250 1496 3

286 1502 372 1588 „Iste
395 1505 513 1570 meae.“
550 1503 634 1572 Sane
658 1507 766 1572 certus
790 1509 822 1571 et
846 1527 940 1591 asper
962 1505 1061 1571 homo
1086 1507 1144 1586 est,
1249 1543 1250 1594 3

242 1590 492 1658 Procuratorem
516 1593 609 1659 vultu
633 1596 689 1681 qui
711 1596 875 1680 praeferat
897 1595 984 1680 ipso:
1249 1633 1250 1696 q

200 1693 233 1743 10
287 1679 403 1748 Acrior
425 1681 487 1749 hoc
510 1679 611 1749 Chius
633 1704 700 1750 nou
723 1684 786 1749 erit
809 1683 966 1749 Aufidius.

243 1766 271 1834 Ο
295 1791 393 1854 quum
417 1769 533 1856 dignus
558 1793 630 1838 crus
654 1773 773 1858 alapis,
795 1771 954 1856 Marione,
978 1770 1100 1837 Latini:
1170 1823 1175 1858 ,

287 1855 333 1923 Tc
357 1879 578 1926 successurum
602 1860 696 1926 credo
720 1881 781 1947 ego
805 1859 993 1926 Panniculo.

242 1945 307 2012 Res
330 1947 440 2014 uxoris
463 1949 554 2034 ugit?
578 1969 630 2014 res
653 1949 739 2015 ullus
763 1949 925 2035 crispulus
946 1947 1032 2016 iste?
1249 2029 1250 2036 ἵ

286 2034 351 2101 Res
374 2057 441 2104 nou
464 2037 588 2122 uxoris,
610 2060 662 2104 res
687 2039 757 2126 agit
779 2039 841 2104 iste
864 2043 948 2105 tues.
1139 2043 1150 2092 l
1249 2043 1250 2124 i

653 2178 755 2246 LXII.

241 2274 316 2342 Iure
339 2280 396 2342 tuo
418 2277 540 2344 nostris
565 2299 696 2363 maneas
719 2278 809 2364 licet,
830 2277 965 2366 hospes,
988 2279 1023 2344 iu
1045 2277 1162 2358 hortis,
1249 2351 1250 2354 Ἴ

287 2363 323 2432 si
346 2371 440 2452 potes
463 2367 497 2432 in
520 2367 606 2433 nudo
628 2389 748 2452 ponere
773 2368 919 2434 membra
941 2367 1026 2450 solo,

241 2455 310 2520 Aut
334 2455 363 2520 si
385 2459 535 2541 portatur
557 2460 663 2520 tecum
687 2455 750 2522 tibi
773 2479 893 2542 magna
916 2457 1076 2542 supellex:

269 2542 374 2610 *Nam
398 2565 471 2610 meu
493 2545 560 2610 ium
583 2544 723 2631 digitum
746 2545 880 2610 sustulit
901 2545 1097 2632 hospitibus.
1249 2603 1250 2632 q

194 2635 196 2640 '
216 2631 343 2698 eNullu
361 2631 445 2719 tegit
463 2633 584 2698 fractos
605 2670 643 2680 -
665 2655 725 2700 nec
742 2633 848 2700 inanis
866 2669 911 2682 -
929 2634 1049 2701 culcita
1068 2635 1177 2714 lectos,
1249 2635 1250 2708 i

285 2719 397 2786 Putris
420 2726 454 2788 et
477 2723 616 2806 abrupta
638 2722 740 2788 fuscia
762 2728 848 2788 reste
871 2723 965 2789 iuuet.
1089 2767 1090 2770 =
1249 2727 1250 2736 ’

242 2805 292 2873 Sit
314 2814 424 2876 tumen
447 2810 627 2897 hospitium
650 2812 746 2877 nobis
769 2833 940 2894 commuue
963 2812 1104 2879 duobus:
1249 2865 1250 2894 ᾗ

287 2897 362 2963 limi
384 2899 513 2985 hortos5
536 2900 611 2985 plus
636 2902 698 2964 est:
721 2901 847 2966 instrue
870 2906 922 2986 tu;
944 2902 1051 2966 miuus
1075 2905 1132 2966 est.
1248 2911 1250 2990 g

240 3133 344 3217 „Quid
368 3137 489 3203 sentis“
511 3138 620 3224 inquis
644 3139 701 3222 „de
723 3140 860 3226 nostris,
878 3139 1000 3222 Marce,
1024 3133 1182 3207 libellis?“

286 3222 340 3292 Sic
359 3248 414 3306 pne
438 3227 614 3312 sollicitus,
636 3227 786 3314 Pontice,
809 3251 904 3314 saepe
926 3253 1034 3316 rogus.

241 3314 408 3398 Admiror,
431 3321 560 3400 stupeo:
583 3317 667 3381 nihil
690 3323 741 3384 est
763 3319 938 3404 perfectius
961 3321 1043 3400 illis,

284 3401 360 3488 Ipse
382 3408 440 3469 tuo
464 3404 555 3469 cedet
576 3406 721 3491 Regulus
745 3408 885 3494 ingenio.

216 3487 331 3572 5‚‚Hoe
356 3492 499 3558 sentis?“
522 3493 629 3578 inquis
653 3495 771 3578 ,declat
793 3497 854 3563 tihi
878 3499 925 3566 sic
948 3500 1031 3566 bene
1055 3495 1182 3574 Caesar,

286 3575 339 3642 Sic
363 3577 566 3665 Capitolinus
590 3580 765 3669 Iuppiter.“
800 3585 905 3654 Immo
929 3589 1000 3658 tibi.
