2596 4032
194 183 261 252 274
459 253 461 260 ‚
522 181 561 238 n.
580 178 661 236 vau.
680 177 881 236 nourrius
998 239 1005 248 ,
1081 160 1086 170 ’

240 345 303 412 Sed
325 346 415 411 flens
429 348 527 430 atque
550 361 682 429 gemeus
705 343 793 408 tanti
814 346 914 428 negat
937 363 1008 408 esse
1032 339 1176 408 salutem
1246 423 1248 428 Ι

284 431 387 519 Seque
410 431 511 498 refert
533 433 643 516 potius
665 431 875 516 proposuisse
898 430 990 496 mori.

213 521 299 591 oVir
321 525 431 608 rogat,
452 525 491 586 ut
512 521 604 586 vivat
626 519 747 587 uirides
769 542 830 587 nec
854 519 983 586 deserat
1007 541 1123 604 annos,
1290 597 1291 606 ἵ

243 659 244 662 ,
282 611 328 676 nt
350 610 434 695 fieri,
457 609 631 694 quodiam
654 632 721 677 non
743 609 823 676 facit
845 609 929 699 ipse,
952 608 1040 674 sinit.

237 699 392 766 Protinus
416 697 571 764 accedunt
594 698 711 764 medici
733 697 940 784 medicaeque
962 697 1131 776 recedunt,

283 787 520 873 Tollunturque
543 786 650 874 pedes.
666 785 716 852 ·‘0
740 786 900 852 medicina
923 786 1047 873 gravisi

632 911 763 992 LXXII.

237 1033 359 1100 Drauci
381 1031 484 1100 Natta
507 1033 557 1098 sui
580 1029 676 1100 vocat
698 1033 882 1120 pipinnam,
931 1114 932 1117 Ἴ

239 1120 384 1190 Collatus
408 1124 460 1189 cui
484 1120 600 1188 Gallus
624 1126 675 1188 est
698 1121 847 1207 Priapus.
973 1189 998 1204 Ἴ,

628 1261 775 1330 LXXIII.

237 1367 419 1435 Venturum
441 1367 530 1434 iuras
555 1390 680 1453 semper
704 1368 797 1452 mihi,
820 1368 946 1456 Lygdo,
969 1369 1099 1457 roganti

282 1455 528 1543 Constituisque
550 1457 667 1522 horam
691 1458 926 1543 constituisque
949 1459 1065 1525 locum.

238 1543 319 1613 Cum
343 1545 466 1611 trustra
488 1545 573 1611 iacui
596 1545 695 1630 longa
718 1548 885 1634 prurigine
908 1551 1032 1632 tentus,

282 1632 447 1701 Succurrit
467 1656 529 1720 ‘pro
553 1637 585 1698 ta
609 1655 704 1721 saepe
729 1635 862 1700 sinistra
885 1635 975 1700 mihi.
1036 1719 1037 1722 Ἴ

211 1721 322 1800 oQuid
345 1744 471 1808 precer,
495 1744 513 1788 ο
537 1721 650 1806 fallax,
673 1723 798 1789 meritis
823 1727 855 1790 et
878 1723 1023 1788 moribus
1046 1723 1145 1790 istis?

160 1835 161 1838 ¹
189 1827 191 1831 ·
280 1809 467 1878 Umbellam
490 1811 612 1898 lusoae,
634 1810 866 1898 Lygde,·feras
890 1812 1049 1879 dominae.

626 1949 772 2018 LXXIV.

237 2055 422 2124 Curandum
445 2078 561 2142 penem
584 2057 748 2123 commisit
771 2056 914 2124 Baccara
936 2057 1059 2126 Raetus

175 2225 179 2230 Ι
280 2145 390 2211 Rivali
413 2145 547 2212 medico.
583 2145 726 2212 Baccara
750 2145 864 2212 Gallus
888 2148 960 2213 erit.

629 2285 763 2354 LXXV.

236 2391 344 2458 Theca
367 2395 471 2458 tectus
496 2392 619 2458 ahenea
641 2394 771 2459 lavatur

125 2477 136 2491 '
236 2479 372 2564 Tecum,
395 2477 520 2566 Caelia,
544 2504 670 2566 servus3
694 2485 731 2547 ut
755 2482 844 2568 quid,
867 2505 939 2566 010,

235 2565 311 2635 Non
335 2569 377 2634 sit
401 2591 473 2636 oum
497 2569 701 2635 citharoedus
726 2575 783 2636 aut
806 2571 998 2640 choraules?

234 2655 311 2722 Nou
334 2657 397 2740 via,
420 2662 458 2724 ut
480 2663 574 2744 puto,
599 2659 774 2726 mentulam
798 2660 913 2726 videre.

190 2743 341 2821 oQuare
365 2767 437 2811 oum
460 2748 581 2832 populo
606 2748 723 2813 lavaris
748 2749 848 2834 crgo?
881 2741 897 2788 ·.

237 2832 358 2900 Omnes
381 2857 423 2900 an
447 2836 507 2899 tibi
530 2857 590 2900 nos
615 2857 726 2900 sumus
751 2835 935 2922 spadones?
1055 2884 1058 2890 -

234 2921 339 3010 Ergo,
362 2945 402 2988 ne
424 2923 562 2989 videaris
586 2924 762 3010 invidere,

235 3009 349 3096 Servo,
373 3009 497 3098 Caelia,
520 3013 654 3078 fibulam
677 3014 816 3099 remitte.

623 3153 770 3220 LXXVI.

103 3247 108 3260 ’
150 3298 159 3334 s
235 3235 382 3345 Solverd,
405 3259 517 3340 Paete,
542 3261 651 3326 decem
673 3261 736 3326 tibi
760 3285 811 3328 me
835 3265 986 3331 sestertia
1009 3268 1114 3354 cogis,

279 3347 459 3415 Perdiderit
483 3352 636 3435 quoniam
659 3349 766 3418 Bucco
790 3352 929 3419 ducenta
950 3356 1021 3421 tibi.

233 3434 285 3502 Ne
306 3444 459 3522 noceant,
482 3462 554 3529 oro,
577 3439 658 3504 mihi
679 3462 745 3506 non
768 3463 841 3507 mea
863 3443 1011 3510 crimina:
1036 3449 1073 3510 tu
1096 3445 1155 3532 qui

279 3523 337 3590 Bis
361 3531 496 3594 centena
518 3532 612 3614 potes
635 3528 781 3615 perdere,
803 3531 901 3616 perde
926 3531 1043 3600 decem.

1187 1809 1193 1844 l

1146 2026 1161 2076 x
1290 1983 1291 2018 l
