2568 4040
202 222 267 290 356
431 259 436 268 .
488 219 606 277 mour
623 216 929 308 uersusuusroa.

204 381 279 438 Haeo
292 397 365 452 quae
380 381 443 436 tota
455 381 537 449 patet
550 377 714 448 tegIturquc
728 378 758 432 et
771 393 912 432 marmore
926 378 955 432 et
968 391 1038 432 auro
1110 375 1155 445 IX,
1171 383 1206 432 99.

203 453 279 510 Haec
296 450 373 523 rapit
390 450 495 506 Antaei
512 449 595 505 velox
613 447 644 502 in
661 445 778 516 pulvere
796 446 938 505 drauous.
965 490 972 504 .
1001 491 1009 504 .
1040 490 1047 503 .
1084 447 1155 515 ΧΠ,
1171 455 1207 504 48.
1259 492 1262 501 .

204 523 280 580 Haec
298 521 423 579 serravit
441 521 501 577 avis
519 518 641 590 Tarpeia
658 517 767 588 templa
785 517 936 576 Tonantis.
964 561 972 576 .
1000 561 1007 576 .
1037 561 1045 574 .
1085 517 1155 586 XIII,
1173 525 1207 572 ll.
1259 573 1262 591 Ι

204 594 280 650 Haeo
297 597 365 650 sunt
381 593 434 647 illa
451 591 508 647 mei
526 607 598 660 quae
617 589 733 644 cernitis
751 606 802 644 ora
819 587 937 645 Camoni
966 632 973 645 .
1002 631 1009 646 .
1039 632 1047 645 .
1095 589 1208 656 ,ΙΧ,16.
1259 630 1264 645 .

204 665 280 721 Haec
298 664 353 720 tibi
371 663 493 719 brumali
512 660 668 733 gaudentia
686 659 791 732 frigore
810 677 881 731 rapa
896 703 1047 718 .....
1085 660 1156 728 XIII,
1174 665 1207 714 16.
1262 695 1263 706 .

204 736 280 792 Haec
297 735 353 790 tibi
371 737 453 790 erunt
471 737 580 789 armata
599 749 649 787 ruo
668 730 833 802 graphiaria
851 731 925 786 Ierro
966 774 973 787 .
1002 775 1009 788 .
1039 773 1047 787 .
1085 731 1155 798 XIV,
1171 737 1206 785 21.
1263 767 1264 794 ,

205 806 280 862 Haec
298 805 354 860 tibi
372 804 537 876 Memphitis
556 803 642 858 tellus
661 801 712 857 dat
729 819 859 858 muneras
878 801 955 857 victa
973 804 1018 856 est
1038 846 1045 859 .
1069 801 1141 870 XIV,
1157 808 1206 858 15⁰.
1261 823 1264 840 ·

204 876 280 932 Haec
298 875 354 931 tibi
371 875 524 946 multipIIoi
542 891 614 944 quaa
629 876 738 928 structa
757 876 801 928 ert
818 890 914 930 massa
931 871 1042 928 tabells
1066 873 1139 940 ΧΠ,
1158 879 1206 928 lea.
1262 909 1264 938 ,

206 948 281 1004 Haeo
298 945 362 1016 tibi,
380 963 438 1002 non
456 946 521 1014 alla,
541 948 586 1001 est
604 945 641 1002 ad
659 961 759 1000 cenam
777 961 864 1000 causa
881 943 1002 1000 vocandi
1038 988 1045 1001 .
1110 944 1155 1010 III,
1172 950 1205 999 to.

205 1019 282 1074 Haec
299 1017 362 1086 tibi,
380 1017 527 1072 Palladiae
546 1033 597 1072 seu
614 1015 735 1072 collibus
753 1015 842 1070 uteris
861 1014 965 1074 Albae.
1003 1058 1010 1073 .
1040 1058 1047 1073 .
1139 1015 1170 1082 V,
1188 1021 1206 1068 1.

206 1089 281 1144 Haeo
299 1087 355 1142 tibi
372 1105 423 1158 pro
441 1091 510 1142 nato
527 1087 614 1158 plena
631 1087 682 1141 dat
700 1086 793 1142 laetus
813 1102 939 1143 acerra.
967 1129 974 1144 .
1004 1127 1011 1142 .
1040 1129 1048 1143 .
1109 1085 1155 1155 IV,
1171 1092 1205 1140 lt.

205 1160 281 1216 Haeo
299 1158 355 1214 tibi
373 1175 446 1228 quae
464 1159 557 1213 Iontes
576 1162 606 1214 et
624 1175 760 1227 aquarum
778 1157 895 1212 nomina
912 1156 984 1212 dicit
1002 1201 1010 1214 .
1040 1201 1047 1216 .
1071 1157 1205 1221 ΧΠ,196.

206 1231 282 1286 Haec
300 1229 355 1284 tibi
373 1246 446 1299 quae
465 1231 542 1284 torta
559 1232 698 1284 venerunt
715 1229 830 1284 condita
848 1231 938 1286 meta.
967 1271 975 1285 .
1003 1271 1010 1285 .
1040 1273 1047 1286 .
1084 1228 1155 1296 XIII,
1171 1233 1205 1282 99.

206 1297 281 1358 Haec
299 1299 356 1356 tibi
374 1302 449 1355 sorte
468 1300 553 1354 datur
569 1300 715 1369 tergendis
734 1315 861 1370 spongea
878 1297 984 1354 mensis
1003 1343 1010 1356 .
1040 1343 1048 1356 .
1070 1298 1143 1368 XIV,
1157 1304 1206 1353 144.

207 1373 281 1428 Haec
300 1369 355 1426 tibi
372 1371 490 1426 turbato
509 1371 651 1426 Canusina
669 1370 815 1425 simillima
833 1369 937 1427 mulso.
966 1415 972 1427 .
1002 1414 1010 1428 .
1039 1381 1047 1427 .·
1069 1369 1141 1437 ΧΠ,
1157 1375 1207 1425 191.

206 1442 335 1499 Haedina
351 1441 408 1497 tibi
425 1441 502 1514 pelle
520 1441 684 1511 contegenti
716 1483 1046 1500 ..........
1098 1441 1155 1509 XII,
1172 1446 1207 1495 tt.

207 1513 285 1570 Hane
302 1512 358 1568 tibi
376 1512 518 1568 Cumanae
535 1512 722 1568 rubloundam
739 1513 855 1582 pulvere
872 1515 967 1567 terrae
1003 1555 1011 1569 .
1041 1555 1048 1568 .
1071 1512 1145 1578 ΧΠ,
1158 1517 1208 1567 114.

208 1586 287 1640 Hanc
304 1583 369 1652 tibI,
386 1583 491 1638 Fronto
509 1587 600 1653 pater,
619 1583 747 1653 genetrix
761 1583 905 1652 Flaccilla,
924 1582 1053 1653 puellam
1124 1583 1157 1650 V,
1174 1589 1209 1637 34

208 1656 285 1712 Hanc
303 1654 358 1710 tibi
377 1653 552 1724 Sequanicae
570 1653 705 1724 pinguem
723 1653 852 1710 textricis
871 1653 1016 1710 alumnam
1039 1699 1046 1712 .
1111 1655 1158 1722 IV,
1176 1660 1209 1708 19.

208 1727 286 1782 Hauc
303 1725 377 1794 volo,
396 1742 470 1795 quse
488 1724 589 1793 Iacilis,
609 1742 683 1793 quae
701 1724 853 1795 pnIIIolata
869 1728 1010 1796 vagatur.
1039 1770 1047 1782 .
1068 1779 1070 1783 ,
1112 1726 1158 1793 IX,
1175 1731 1210 1780 32.

208 1798 268 1852 Has
283 1813 347 1852 oum
386 1796 480 1852 emina
497 1796 632 1865 compede
650 1796 766 1851 dedicat
783 1799 899 1852 catenas
931 1839 938 1854 .
966 1839 974 1854 .
1003 1839 1010 1853 .
1039 1841 1046 1854 .
1112 1797 1158 1864 III,
1176 1803 1210 1852 29.

207 1869 294 1936 Have,
312 1868 352 1922 mi
366 1815 482 1935 gl'orani,
501 1867 590 1922 irater
607 1867 752 1922 carissime
789 1909 1048 1926 ........

207 1939 364 1994 Herbarum
382 1938 475 1999 fueras
493 1937 618 2005 indutus,
637 1937 732 2005 Basse,
751 1937 859 1994 colores
897 1981 904 1994 .
932 1981 939 1996 .
967 1979 975 1996 .
1002 1981 1010 1996 .
1039 1982 1048 1996 .
1077 1867 1211 1994 Meropas

208 2009 336 2066 Herculis
354 2009 385 2064 in
402 2007 500 2079 magni
517 2007 613 2064 vultus
632 2008 802 2066 descendere
820 2007 936 2066 Caesar.
966 2051 973 2066 .
1001 2053 1008 2068 .
1038 2053 1045 2066 .
1113 1981 1160 2078 IX:
1177 2015 1212 2066 tl.

112 2130 115 2136 .
207 2080 347 2136 Heredem
364 2097 429 2134 cum
446 2095 491 2134 me
509 2079 599 2148 partis
618 2079 681 2148 tibi,
701 2079 823 2148 Garriee,
842 2082 974 2148 quartae.
1003 2124 1011 2138 .
1042 2125 1047 2136 .
1113 2081 1160 2148 IX,
1177 2086 1212 2136 48.

208 2151 346 2206 Heredem
364 2150 468 2206 Fabius
486 2149 642 2204 Labienum
659 2166 693 2204 ex
712 2167 774 2206 asse
793 2149 936 2220 reliquit.
964 2193 972 2208 .
1000 2193 1008 2209 .
1037 2194 1045 2210 .
1100 2152 1160 2218 VH,
1177 2158 1211 2206 66.

208 2221 346 2277 Heredem
364 2222 418 2276 tibi
436 2237 489 2289 me,
509 2219 628 2288 Catulle,
647 2219 718 2276 diois
751 2263 1045 2281 .........
1100 2223 1159 2291 XII,
1178 2227 1211 2276 19.

208 2292 340 2361 Heredes,
358 2291 448 2346 nolite
466 2291 581 2346 brevem
600 2291 719 2362 sepelire
737 2291 870 2347 colonum
896 2335 1048 2351 .....
1113 2293 1159 2362 Xl,
1178 2298 1210 2347 14.

207 2363 325 2418 Hermes
343 2362 449 2417 Martia
467 2361 573 2417 saeculi
591 2361 723 2432 voluptas
755 2406 1049 2427 ..........
1128 2366 1159 2432 V,
1176 2369 1211 2418 94.

207 2433 399 2504 Hermogenes
417 2435 515 2487 tantus
534 2449 709 2502 mapparum,
727 2432 880 2502 †Pontioe,
900 2433 946 2488 fur
963 2436 1009 2490 est
1040 2479 1048 2493 .
1099 2435 1158 2502 XII,
1176 2439 1211 2488 99.

207 2504 348 2560 Hesterna
365 2504 472 2560 iactum
490 2507 629 2570 narratur,
647 2504 789 2572 Postume,
808 2521 879 2560 cena
897 2547 1058 2564 ......
1125 2506 1158 2572 ΙΙ,
1176 2511 1211 2559 ll.

206 2576 348 2632 Hesterna
365 2574 421 2630 tibi
438 2578 521 2630 nocte
539 2575 699 2630 dixeramus
719 2618 1049 2634 ..........
1137 2576 1213 2644 191.
1262 2605 1263 2610 1

206 2647 347 2702 Hesterno
364 2646 471 2702 foetere
489 2661 567 2701 mero
586 2645 635 2714 qui
653 2645 744 2702 credit
761 2645 895 2702 Acerram
932 2690 938 2704 .
968 2689 974 2703 .
1003 2689 1011 2704 .
1040 2691 1047 2706 .
1137 2647 1212 2715 Lat.
1262 2691 1263 2696 ,

208 2717 402 2786 „Hexsmetris
422 2716 597 2787 epigramma
614 2717 704 2771 Iacis“
723 2716 781 2772 scio
801 2717 894 2772 dicere
912 2717 1048 2775 Tuccam.
1112 2719 1158 2780 vl.
1175 2722 1213 2772 95.

125 2829 128 2838 .
207 2787 334 2844 HIberna
353 2787 482 2858 quamvis
501 2788 601 2844 Arctos
620 2791 650 2842 et
668 2787 746 2842 rudis
765 2788 856 2844 Peuce
862 2831 1048 2847 ......
1117 2788 1174 2856 Vll,
1192 2793 1213 2840 l.

206 2857 348 2915 Hibernos
366 2861 497 2930 peterent
515 2858 600 2914 solito
619 2875 683 2912 cum
701 2875 778 2914 more
796 2875 941 2916 recessus.
969 2903 976 2917 .
1005 2903 1011 2916 .
1041 2905 1049 2918 .
1125 2859 1158 2929 V,
1176 2864 1214 2914 91.

207 2929 261 2984 HIc
274 2930 369 2985 brevis
384 2930 566 2986 adnumeres
580 2929 711 2999 rapidum
729 2930 779 3010 qui
793 2930 906 3000 coIIigIt
919 2946 1042 3001 unguem
1073 2931 1145 2997 XIV,
1161 2935 1213 2984 199.

207 2999 261 3054 Hic
281 3003 342 3055 erat
359 3000 408 3056 ille
427 3004 477 3056 tuo
496 2999 804 3070 domitus,(lypar1sse,
823 3001 966 3071 capistro?
1006 3046 1012 3059 .
1042 3047 1048 3060 .
1086 3001 1158 3070 XlIl,
1175 3006 1215 3054 99.

207 3069 262 3126 nio
280 3071 343 3140 etii,
362 3074 395 3126 ut
411 3071 563 3142 perhibent
581 3071 728 3127 doctorum
746 3072 833 3127 eorda
850 3072 975 3128 virorum
1005 3116 1012 3130 .
1040 3118 1047 3132 .
1072 3073 1145 3140 XIV,
1160 3077 1215 3126 191.

207 3140 262 3196 Hic
280 3145 324 3198 est
340 3143 500 3213 pampineis
519 3142 618 3197 viridis
636 3143 720 3198 modo
739 3142 861 3198 Vesbius
879 3143 987 3200 umbris
1005 3189 1011 3201 .
1039 3189 1047 3203 .
1113 3145 1159 3210 IV,
1176 3149 1215 3197 44.

181 3221 185 3228 ’
209 3211 264 3268 Hic
282 3216 327 3268 est
345 3231 429 3282 quem
447 3214 520 3285 legis
538 3213 597 3281 ille,
616 3229 700 3280 quem
717 3213 838 3282 requiris
862 3256 1047 3275 ......

207 3283 261 3338 Hic
280 3284 417 3340 iestInata
434 3285 588 3354 requIescit
606 3284 724 3338 Erotion
742 3286 870 3342 umbra.
900 3329 906 3342 .
935 3329 942 3344 .
971 3329 978 3344 .
1007 3329 1014 3344 .
1043 3331 1050 3344 .
1152 3327 1158 3352 ,
1211 3325 1216 3336 .

207 3355 261 3409 Hic
279 3355 356 3411 iacet
374 3355 424 3410 ille
444 3373 536 3424 senen,
555 3357 686 3425 Augusta
703 3358 788 3410 notus
807 3355 837 3410 in
855 3356 941 3415 aula.
971 3401 977 3414 .
1007 3401 1014 3414 .
1042 3402 1049 3416 .
1101 3356 1158 3424 VII,
1178 3359 1216 3408 4ο.

207 3425 261 3480 Hic
280 3443 363 3496 quem
380 3425 485 3481 videtis
504 3427 648 3497 gressibus
666 3425 748 3495 vagis
766 3426 875 3482 lentum
898 3471 905 3485 .
935 3471 941 3485 .
971 3473 977 3486 .
1007 3471 1014 3488 .
1042 3473 1049 3487 .
1126 3427 1159 3494 ll,
1178 3431 1217 3480 ol.

207 3494 261 3549 Hic
280 3496 329 3564 qui
348 3497 419 3550 dura
438 3498 538 3553 sedens
558 3500 687 3568 porrecto
707 3514 776 3552 saxa
794 3497 875 3553 leone
898 3542 1048 3558 .....
1113 3497 1159 3565 IX,
1178 3502 1217 3551 43.

208 3565 262 3619 Hic
280 3566 330 3634 qui
347 3567 455 3623 libellis
473 3585 658 3639 praegravem
676 3568 752 3640 gerit
770 3569 904 3627 laevam.
934 3613 940 3628 .
971 3613 977 3627 .
1006 3614 1014 3628 .
1043 3616 1050 3630 .
1126 3569 1161 3637 V,
1179 3573 1217 3624 51.
