2596 4034
332 205 632 264 Eelunmmsrou
652 205 720 265 ΜΒ.
740 207 801 265 VII.
1011 215 1073 280 159

100 369 222 456 Ecquid
246 369 406 438 femineos
432 369 590 455 sequeris,
615 372 780 456 metrone,
804 393 962 454 recessus,

141 459 356 546 Secretusque
379 463 450 544 tue,
475 480 591 542 cunne,
615 459 736 526 levaris
761 462 868 547 eque?

488 616 639 685 xxxvl.
670 569 711 650 's

100 721 175 790 Cum
201 727 331 812 pluvius
357 725 587 809 madidumque
609 724 722 792 Iovem
746 727 891 814 perferre
913 732 1049 816 negaret

139 815 187 878 Et
209 817 299 881 rudis
325 815 470 880 hibernis
495 815 577 881 villu
597 819 730 880 nataret
752 817 860 902 equis,

99 900 255 988 Plurima,
280 927 364 990 quae
388 908 499 989 posset
523 903 650 970 subitos
675 905 837 970 effundere
860 904 1004 990 nimbos,

140 991 333 1058 Muneribus
356 993 447 1058 venit
471 993 584 1079 tegula
607 992 710 1057 misse
733 993 808 1057 tuis

79 1078 271 1167 sHorridus‚
295 1100 382 1164 ecee,
406 1086 503 1146 sonet
525 1081 650 1146 Boreae
674 1081 814 1146 stridore
838 1079 1031 1148 December:

140 1167 258 1256 Stella,
281 1171 369 1255 tegis
393 1170 518 1255 uillam,
542 1191 609 1236 non
633 1170 718 1256 tegis
743 1170 931 1256 agricolam.

480 1327 650 1396 xxxvn.
714 1295 745 1362 ‘s

62 1435 65 1443 '
99 1432 195 1500 Nosti
217 1436 425 1502 mortiferum
450 1437 648 1520 quaestoris,
672 1432 834 1519 Costrice,‘
854 1435 1008 1522 signum?

139 1524 202 1590 Est
225 1546 342 1611 operae
366 1527 509 1610 pretium
533 1524 655 1590 discere
677 1523 931 1604 thebanorum

99 1611 304 1698 Exprimeret
327 1614 478 1699 quotiens
502 1617 669 1678 rorantem
691 1611 814 1698 frigore
836 1635 968 1700 nasum,

141 1702 288 1768 Letalem
312 1702 416 1788 iuguli
440 1702 580 1766 iusserat
605 1722 675 1766 esse
698 1707 821 1769 notam.
875 1727 882 1750 ·

78 1789 215 1876 uTurpis
240 1793 280 1857 ab
304 1791 411 1856 inviso
436 1789 599 1874 pendebat
623 1789 716 1854 stiria
738 1811 834 1875 naso,

141 1879 222 1946 Dum
245 1879 341 1944 fleret
363 1880 470 1945 medie
493 1878 586 1945 fauce
609 1876 790 1944 December
813 1881 922 1944 atrox:

100 1962 250 2054 Collegae
273 1971 407 2034 tenuere
432 1989 561 2050 manus3
585 1965 664 2053 quid
686 1968 781 2052 plura
804 1967 966 2052 requiris?

139 2056 286 2141 Emungi
309 2058 441 2140 misero,
465 2053 626 2139 Cestrioe‚
649 2077 716 2122 non
739 2056 840 2122 licuit.

466 2213 650 2280 xrrxvm.
673 2174 713 2270 »s

99 2319 221 2388 Tantus
246 2344 280 2388 es
304 2325 338 2387 et
361 2321 439 2386 telis
462 2321 582 2405 nostri,
605 2319 819 2406 Polypheme,
843 2318 967 2407 Severi,

140 2410 187 2476 Ut
210 2415 243 2476 te
266 2410 382 2476 mirari
403 2410 510 2494 possit
533 2415 566 2474 et
589 2410 659 2496 ipse
684 2407 834 2496 Cyclops.

98 2497 159 2564 Sed
177 2523 238 2586 nee
252 2497 360 2586 Scylla
379 2500 493 2564 minor.
518 2497 610 2575 Quod
631 2500 658 2563 si
678 2499 747 2564 fera
764 2501 913 2564 monstro
931 2497 1069 2564 duorum

140 2587 301 2675 Iunxeris,
325 2588 459 2664 alterius
483 2587 539 2678 fiet
562 2593 703 2673 uterque.
722 2588 833 2654 timor.

485 2663 698 2812 xxms
745 2745 747 2748 ’

96 2852 269 2921 Discursus
292 2853 401 2920 varios
424 2874 608 2940 vagumque
632 2875 729 2929 mene
757 2916 792 2934 ,„

95 2941 139 3009 Et
164 2944 267 3010 fastus
292 2943 431 3021 ethere
454 2941 697 3028 potentiorum
788 2950 792 2954 ’
899 2993 904 3000 .

96 3029 177 3098 Cum
199 3033 344 3119 perferre
366 3031 499 3117 potique
523 3031 590 3094 iem
612 3034 764 3116 negaret,

96 3118 211 3207 Coepit
232 3123 355 3208 fingere
379 3120 509 3188 Caelius
532 3118 721 3206 podagram.
810 3157 812 3161 ,
848 3155 850 3158 ·

76 3208 199 3286 uQuem
223 3211 300 3276 dum
323 3211 395 3275 vult
416 3209 514 3274 nimis
539 3207 722 3293 approbare
745 3229 858 3274 veram
905 3265 908 3269 .
966 3211 968 3214 ’

97 3299 140 3366 rt
161 3323 259 3366 senas
282 3299 357 3365 linit
381 3300 573 3386 obligatque
595 3297 728 3380 plantas

97 3386 284 3476 Inceditque
308 3389 410 3476 gradu
434 3386 613 3468 laborioso,

97 3481 321 3557 -Quantum
344 3500 422 3543 oure
444 3480 556 3563 potest
578 3479 611 3540 et
634 3495 687 3538 ers
712 3470 849 3537 doloris!
872 3505 911 3518 -
947 3530 949 3533 ,

97 3565 188 3634 Desit
209 3568 333 3653 fingere
357 3563 487 3631 Caelius
510 3563 700 3650 podagram.
