2610 4048
185 207 232 276 24
514 209 554 268 Μ.
572 207 657 268 VAL.
675 205 874 264 nannetis

232 371 323 450 Quae
346 374 405 437 tua
427 371 571 438 traducit
593 367 767 436 manifesto
790 370 935 436 carmina
957 369 1054 438 furto.

231 457 285 527 Sio
308 460 522 545 interpositus
545 459 625 525 rillo
649 457 853 525 contaminat
875 464 973 526 uncto

203 547 355 616 sUrbica
377 547 576 634 Lingonicus
600 546 817 632 Tyrianthina
839 546 1102 633 bardocucullus,

232 635 285 704 Sic
307 637 481 702 Arretinae
503 636 631 702 violant
654 635 847 719 crystallina
868 641 988 722 testae,
1043 713 1044 716 Ἴ

232 723 286 792 Sic
308 725 401 810 niger
423 726 458 792 in
480 725 563 811 ripis
586 729 674 790 errat
697 746 771 790 cum
793 723 879 790 forte
902 723 1047 812 Caystri,

230 813 322 881 Inter
345 813 489 881 Ledaeos
512 813 637 880 ridetur
659 834 775 880 corvus
799 811 920 898 olores,

232 900 366 969 Sicubi
389 903 567 968 multisona
589 901 695 968 fervat
718 923 809 968 sacer
830 901 967 968 Atthide
990 903 1097 985 lucus,

188 989 388 1076 lolmproba
411 988 584 1075 Cecropias
608 989 743 1056 offendit
765 989 840 1076 pica
861 989 1031 1076 querellas.

230 1077 340 1146 indice
362 1101 430 1146 non
452 1100 534 1164 opus
558 1081 608 1144 est
631 1079 754 1146 nostris
777 1101 836 1146 nec
858 1079 963 1146 iudice
986 1077 1093 1158 libris,

232 1164 307 1234 Stat
329 1172 443 1235 contra
466 1167 607 1254 dicitque
629 1167 691 1232 tibi
714 1172 772 1233 tua
794 1169 916 1255 pagina
937 1165 1022 1254 „Fur
1044 1165 1109 1232 es.“

233 1366 270 1436 Si
292 1370 383 1455 quid,
405 1369 522 1455 Posce,
545 1393 641 1438 vacas
665 1371 771 1437 adhuc
793 1370 895 1437 amari
920 1405 960 1419 -
1090 1379 1092 1382 ’

231 1455 319 1523 Nam
343 1463 420 1524 sunt
442 1459 519 1525 hino
542 1459 618 1543 tibi,
641 1464 718 1524 sunt
741 1463 774 1526 et
796 1459 871 1524 hinc
895 1459 990 1525 amici
1012 1493 1072 1542 -,

169 1625 171 1628 .
231 1545 355 1632 Unum,
377 1547 406 1612 si
428 1552 590 1632 superest,
613 1547 720 1614 locum
743 1567 911 1634 rogamus,

232 1632 302 1700 Nec
325 1657 390 1717 ms,
413 1636 499 1721 quod
521 1636 583 1702 tibi
607 1635 669 1701 sim
692 1657 810 1718 novus,
832 1655 973 1701 recusos:

205 1721 353 1789 oOmnes
375 1722 437 1790 hoc
460 1729 585 1790 veteres
609 1725 659 1789 tui
680 1723 819 1789 fuerunt.

231 1810 282 1876 'l'u
304 1814 433 1876 tantum
456 1811 578 1896 inspice
599 1812 657 1897 qui
679 1833 781 1876 novus
805 1814 941 1897 paratur

222 1898 287 1965 -An
310 1899 416 1984 possit
437 1899 507 1966 fieri
530 1904 623 1966 vetus
646 1901 777 1966 sodalis.

661 2011 729 2081 LV.

156 2140 160 2147 ·
233 2101 324 2168 Vota
345 2103 394 2168 tui
417 2103 560 2169 breviter
583 2103 611 2169 si
635 2104 685 2168 vis
708 2123 902 2190 cognoscere
924 2101 1041 2184 Marci,

278 2189 410 2257 Clarum
433 2191 584 2274 militiae,
606 2191 743 2276 Fronto,
765 2194 926 2276 togaeque
949 2190 1060 2273 decus,
1298 2245 1299 2304 p

231 2277 306 2344 Hoo
328 2279 427 2365 petit,
450 2301 520 2345 esse
544 2281 594 2344 sui
616 2302 675 2345 nec
698 2279 810 2364 magni
833 2279 918 2344 ruris
942 2283 1067 2360 arator,
1298 2309 1299 2382 p

280 2364 481 2452 Sordidaque
503 2367 537 2432 in
559 2368 669 2452 parvis
694 2368 762 2433 otia
785 2369 882 2433 rebus
906 2371 1004 2432 amat.
1298 2397 1299 2460 p

207 2455 414 2540 uQuisquam
438 2455 524 2538 picta
547 2456 626 2520 colit
650 2455 804 2542 Spartani
826 2455 952 2542 frigora
975 2453 1046 2520 saxi
1298 2465 1299 2526 l

277 2543 324 2609 Et
346 2543 543 2608 matutinum
566 2547 679 2630 portat
701 2545 830 2629 ineptus
853 2543 960 2628 Have,
1298 2527 1299 2594 i

233 2629 295 2698 cui
318 2631 395 2697 licet
418 2631 540 2696 exuviis
563 2633 705 2698 nemoris
728 2632 876 2718 rurisque
898 2631 995 2698 beato
1298 2597 1299 2676 i

279 2718 367 2784 Ante
390 2719 498 2785 focum
521 2721 635 2804 plenas
659 2721 851 2806 explicuisse
874 2719 990 2807 plagas

232 2807 280 2875 Et
302 2808 423 2893 piscem
447 2809 589 2873 tremula
612 2810 783 2874 salientem
806 2807 921 2874 ducere
945 2813 1034 2874 saeta

190 2913 224 2964 ιο
278 2893 444 2982 Flavaque
467 2895 505 2962 de
529 2897 628 2963 rubro
651 2919 799 2984 promere
823 2896 921 2962 mella
944 2895 1046 2964 cado?

232 2983 369 3072 Pinguis
392 2985 578 3069 inaequales
602 2990 717 3052 onerat
740 2986 790 3052 cui
813 2985 912 3050 vilica
935 3006 1063 3050 mensas
1298 3031 1299 3056 1

278 3072 325 3138 Et
348 3095 407 3138 sua
429 3095 497 3139 non
519 3077 648 3158 emptus
671 3076 847 3160 praeparat
870 3095 931 3140 ova
955 3073 1057 3138 cinis?
1298 3063 1299 3120 l

232 3159 311 3228 Non
333 3167 421 3227 amet
443 3161 528 3228 hanc
546 3165 649 3228 vitam
668 3163 814 3249 quisquis
834 3182 970 3228 menon
989 3165 1090 3246 amat,
1110 3165 1212 3252 opto,
1284 3155 1299 3238 'l

277 3248 379 3316 Vivat
403 3253 437 3316 et
460 3251 594 3316 urbanis
618 3251 711 3316 albus
735 3251 770 3316 in
793 3249 920 3317 officiis,
1298 3255 1299 3268 ¹

652 3374 738 3442 LVI.

186 3460 360 3530 Continuis
384 3467 502 3530 vexata
526 3457 636 3530 madet
657 3463 821 3530 vindemia
842 3462 977 3528 nimbis:

114 3559 120 3570 ’
276 3550 356 3616 Non
376 3557 485 3638 potes,
507 3556 546 3618 ut
568 3552 694 3639 cupias,
717 3551 869 3638 vendero,
891 3573 987 3638 copo,
1010 3572 1146 3619 merum.
