2596 4034
194 203 258 272 196
519 194 878 256 urmussrnnrs

609 359 790 428 LXXVIII.

237 464 326 544 Quos
350 464 482 548 superet
502 459 685 546 Phlegraea
708 480 784 525 suos
807 457 946 524 victoria
968 455 1077 540 ludos,

280 552 393 618 Indice
416 569 497 636 quos
520 552 653 633 superet
674 569 809 633 pompa,
832 547 954 634 Lydes,
977 548 1066 630 tuos,

237 641 328 708 Fecit
349 637 556 724 Hyperborei
578 637 761 703 celebrator
785 633 887 702 Stella
908 633 1082 720 triumphi,

171 753 176 760 ·
281 727 450 814 Opudort
473 748 493 794 o
517 725 637 812 pietas!
661 728 694 790 et
716 728 813 809 putat
836 747 906 790 esse
929 746 1056 810 parum.

211 816 313 888 oNon
335 817 385 882 illi
408 815 489 882 satis
512 820 564 880 est
585 815 720 880 turbato
744 813 892 879 sordidus
910 812 996 880 'auro

280 905 422 972 Hermus
446 907 479 970 et
502 903 662 988 Hesperio
685 902 742 988 qui
765 906 861 968 sonat
884 903 962 969 orbe
985 901 1104 988 Tagus.

237 993 350 1063 Omnis
372 993 473 1060 habet
496 992 664 1058 suadens
687 991 769 1058 dies:
791 1013 851 1058 nee
873 991 960 1056 linea
983 991 1073 1057 dives
1135 1051 1146 1058 ,

282 1081 410 1167 Cessat,
433 1086 467 1148 et
487 1080 522 1146 in
545 1081 701 1166 populum
724 1079 829 1146 multa
851 1080 967 1165 rapina
990 1079 1090 1164 eadit3

237 1172 333 1240 Nune
354 1170 490 1238 veniunt
513 1169 631 1236 subitis
654 1169 777 1236 lasciva
798 1169 996 1236 nomismata
1018 1169 1156 1254 nimbis,

195 1277 229 1329 lo
282 1259 378 1326 Nune
401 1259 458 1325 det
481 1261 644 1344 spectatas
668 1263 792 1324 tessera
814 1258 910 1344 larga
929 1257 1034 1342 feras,

238 1347 333 1416 Nune
356 1349 491 1434 implere
515 1347 605 1414 sinus
628 1368 758 1413 securos
782 1347 902 1433 gaudet
924 1349 958 1411 et
980 1345 1099 1412 absens

283 1435 428 1503 Sortitur
452 1436 614 1520 dominos,
634 1457 676 1502 ne
699 1437 881 1519 laceretur?
896 1435 976 1502 avis.

239 1523 323 1602 Quid
345 1545 510 1590 numerem
533 1546 646 1590 currus
663 1528 716 1592 ter
734 1524 878 1610 denaque
900 1523 1046 1610 praemia
1065 1525 1214 1611 palmae,

284 1612 373 1690 Quae
396 1613 471 1678 dare
493 1634 560 1679 non
582 1635 710 1698 semper
732 1614 855 1681 consul,
868 1617 1005 1698 uterque
1029 1613 1140 1680 solet?

196 1717 229 1767 ro
239 1699 357 1768 Omnia
380 1701 450 1786 sed,
472 1699 605 1785 Caesar,
628 1707 721 1768 tanto
744 1704 939 1788 superantur
961 1701 1101 1788 honore,

263 1829 265 1834 ·
284 1789 378 1868 Quod
401 1793 617 1876 spectatorem
640 1794 673 1856 te
695 1794 754 1856 tua
776 1790 888 1856 laurus
911 1789 1020 1858 habet.

506 1923 508 1926 ’
612 1929 773 2002 ,LXXIX

239 2028 360 2096 Omnes
383 2033 440 2095 aut
462 2028 588 2094 vetulas
610 2028 712 2094 habes
736 2028 857 2096 amicas

238 2117 309 2184 Aut
330 2121 442 2202 turpes
464 2116 645 2201 vetulisque
667 2117 837 2184 foediores.
965 2127 967 2132 ’

238 2203 309 2272 Has
332 2205 421 2271 ducis
444 2205 580 2272 comites
602 2205 773 2291 trahisque
795 2208 904 2272 tecum

238 2293 301 2359 Per
323 2294 485 2379 convivia,
507 2293 666 2378 porticus,
688 2293 829 2360 theatra.

213 2380 293 2449 oSio
315 2381 472 2466 formosa,
494 2380 645 2462 Fabulla,
668 2383 714 2449 sie
737 2383 848 2469 puella
870 2403 915 2448 es.

636 2513 764 2581 LXXX.
775 2540 778 2546 ¹

240 2609 434 2678 Senatorum
456 2611 551 2677 nobis
576 2611 732 2678 miracula
754 2611 862 2678 reddis
886 2633 1021 2679 avorum
1082 2643 1083 2646 ¹

282 2699 351 2766 Neo
373 2701 509 2786 pateris,
532 2699 665 2784 Caesar,
688 2703 817 2767 saecula
839 2723 921 2768 canu
943 2703 1040 2787 mori,

239 2785 321 2854 cum
346 2793 469 2854 veteres
491 2789 604 2855 Latiae
627 2790 711 2854 ritus
734 2794 932 2856 renovantur
954 2789 1095 2858 harenae

283 2875 328 2942 Et
350 2881 476 2964 pugnat
498 2879 602 2944 virtus
627 2878 824 2964 simpliciore
847 2901 956 2944 manu.

213 2961 294 3030 oSie
316 2965 431 3050 priscis
456 2973 602 3032 servatur
624 2967 728 3032 honos
751 2971 783 3033 te
806 2967 955 3053 praeside
978 2968 1127 3054 templis,

282 3052 330 3118 Et
351 3075 427 3120 oasa
449 3059 516 3121 tem
540 3056 630 3122 culto
654 3056 715 3121 sub
737 3055 815 3122 Iove
838 3077 957 3122 numen
979 3056 1093 3141 habet3

238 3137 292 3207 sic
314 3163 399 3208 nova
422 3143 498 3210 dum
522 3144 648 3229 condis,
671 3167 818 3230 revocas,
840 3144 1004 3232 Auguste,
1027 3146 1147 3232 priora
1196 3153 1198 3157 ’
1277 3177 1278 3180 “

283 3227 451 3298 Debentur
474 3255 556 3320 quae
580 3237 657 3300 suut
680 3255 826 3319 quaeque
848 3233 939 3300 fuere
961 3233 1033 3301 tibi

624 3365 772 3434 LXXXI.

238 3457 314 3524 Non
336 3481 394 3544 per
417 3463 555 3544 mystice
577 3485 670 3530 saera
692 3463 926 3552 Dindymenes,

238 3544 308 3612 Neo
330 3569 389 3632 per
410 3548 557 3618 Niliacae
579 3553 696 3618 bouem
719 3553 887 3640 iuveneas,
