2596 4034
397 203 694 263 EPIGRAMMATON
713 206 781 262 LIB.
800 205 846 264 IX.
1068 209 1133 275 219

552 367 698 434 LXXVI.

156 473 245 543 Haec
270 477 346 539 suut
368 472 427 540 illa
450 475 513 539 mei
538 499 620 562 quae
643 475 775 542 cernitis
800 498 857 542 ora
881 473 1031 561 Camoni,

119 626 120 629 ,
201 563 291 628 Haec
314 564 407 648 pueri
430 563 530 629 facies
555 567 725 650 primaque
749 566 855 631 forma
878 564 949 632 fuir.

157 651 313 718 Creverat
335 653 388 718 hic
411 653 522 718 vultus
546 655 596 719 bis
620 655 712 720 denis
734 655 853 720 fortior
876 655 983 740 annis,

202 740 437 826 Gaudebatque
462 763 537 807 suas
561 745 697 830 pingere
721 745 823 808 barba
848 766 961 832 genas,

6 838 11 916 f-
131 831 202 898 tEt
225 830 331 896 libata
354 831 453 896 semel
478 853 622 897 summos
647 833 742 898 modo
765 856 910 918 purpura
934 833 1057 899 cultros

202 917 386 1006 Sparserat:
411 921 528 985 invidit
551 921 591 986 de
614 923 720 987 tribus
744 945 810 988 una
833 944 927 988 soror

157 1009 204 1074 Et
226 1009 392 1074 festinatis
416 1010 532 1074 incidit
556 1011 696 1075 stamina
720 1011 844 1096 pensis,

202 1099 445 1185 Absentemque
468 1100 556 1184 patri
580 1100 708 1164 rettulit
731 1123 814 1166 urna
836 1121 962 1186 rogum.

158 1185 220 1252 Sed
242 1209 283 1252 ne
308 1187 379 1252 sola
402 1191 513 1252 tamen
536 1211 672 1274 puerum
695 1189 823 1274 pictura
846 1189 1013 1275 loquatur,

1 1359 2 1370 ἵ
113 1293 146 1342 10
201 1275 292 1342 Haec
316 1277 378 1341 erit
400 1277 435 1341 in
459 1275 582 1342 chartis
607 1277 842 1365 maiorimago
867 1279 956 1345 meis.

541 1417 705 1486 LXXVII.

158 1524 252 1603 Quod
276 1525 437 1612 optimum
462 1525 506 1591 sit
529 1526 674 1610 disputat
697 1526 881 1592 convivium

203 1614 356 1680 Facunda
379 1614 483 1681 Prisci
507 1617 642 1702 pagina,

157 1703 203 1768 Et
226 1705 329 1769 multa
353 1703 452 1788 dulci,
476 1703 736 1769 rnultasublimi
759 1703 871 1790 refert,

203 1791 264 1858 Sed
289 1797 405 1858 cuneta
428 1793 524 1858 docto
549 1797 690 1878 pectore.

1 1886 10 1918 ’·
130 1879 250 1958 uQuod
274 1882 436 1967 optimum
461 1881 504 1946 sit
527 1883 682 1968 quaeritis
707 1883 916 1949 conuiuium?

201 1970 241 2036 In
265 1993 329 2057 quo
353 1971 524 2037 choraules
539 1991 614 2036 nou
638 1971 709 2036 erit.

532 2129 714 2196 LXXVIII.

156 2235 283 2302 Funera
307 2241 383 2321 post
407 2240 531 2322 septem
556 2237 668 2322 nupsit
691 2236 753 2301 tibi
778 2235 873 2302 Galla
897 2235 1055 2323 virorum,
1125 2305 1127 2309 ,

200 2325 382 2392 Picentino:
407 2326 499 2412 sequi
523 2325 608 2410 vult,
632 2329 726 2412 puto,
750 2323 845 2391 Galla
867 2325 964 2393 uiros.

547 2483 694 2552 LXXIX.

156 2591 277 2659 Oderat
301 2596 376 2659 ante
400 2593 517 2658 ducum
540 2592 681 2676 furnulcs
705 2590 902 2676 turbamque
925 2591 1068 2679 priorem

201 2681 247 2746 Et
269 2681 458 2747 Palatiuum
472 2681 589 2746 -Ronra
612 2679 835 2766 supercilium:

157 2769 202 2835 At
225 2793 311 2836 nuno
329 2775 442 2838 tantus
462 2793 555 2838 amor
573 2771 712 2854 cunctis,
730 2769 895 2856 Auguste,
912 2773 1045 2858 tuorum
1064 2775 1130 2854 est,
1212 2833 1214 2835 .

141 2893 143 2897 ⁴
200 2859 247 2926 Ut
272 2861 317 2925 sit
339 2862 455 2946 cuique
479 2881 556 2926 suae
580 2880 657 2926 cura
681 2859 821 2924 secunda
844 2860 969 2924 domna.

1 3035 2 3040 ἵ
129 2946 238 3013 tTam
261 2949 408 3034 placidae
432 2954 571 3033 menter,
593 2952 688 3013 tanta
711 2951 761 3012 est
783 2947 965 3012 reverentia
987 2946 1107 3033 nostri,

200 3037 282 3103 Tam
306 3043 424 3124 pacata
447 3038 551 3124 quies,
576 3041 687 3102 tantus
710 3037 745 3100 in
769 3058 824 3102 ore
847 3037 960 3121 pudor.

1 3121 5 3130 ’
59 3151 64 3157 ·
155 3125 262 3194 Nemo
287 3150 363 3193 suos
384 3128 526 3194 -haec
549 3131 600 3192 est
623 3128 715 3192 aulae
738 3127 1026 3212 naturapotentis
1046 3121 1106 3212 ·-,J

201 3214 265 3283 Sed
289 3216 411 3282 domini
435 3239 543 3282 mores
567 3213 783 3281 Caesarianus
807 3213 916 3280 habet.

559 3374 685 3442 LXXX.
735 3434 736 3437 ,
765 3427 769 3434 .

155 3483 303 3550 Duxerat
327 3483 472 3550 esuriens
496 3484 692 3569 locupletem
715 3503 838 3566 pauper
863 3503 1037 3568 anumque:
1142 3537 1144 3540 .

199 3573 350 3640 Uxorem·
367 3573 474 3660 pascit
497 3571 623 3638 Gellius
646 3577 679 3638 et
702 3569 814 3635 futuit.
828 3654 841 3668 μ
