<?xml version="1.0" encoding="UTF-8"?>
<!DOCTYPE html PUBLIC "-//W3C//DTD XHTML 1.0 Transitional//EN"
    "http://www.w3.org/TR/xhtml1/DTD/xhtml1-transitional.dtd">
<html xmlns="http://www.w3.org/1999/xhtml" xml:lang="en" lang="en">
 <head>
  <title>
</title>
<meta http-equiv="Content-Type" content="text/html;charset=utf-8" />
  <meta name='ocr-system' content='tesseract 3.04.00' />
  <meta name='ocr-capabilities' content='ocr_page ocr_carea ocr_par ocr_line ocrx_word'/>
</head>
<body>
  <div class='ocr_page' id='page_1' title='image "./epigrammatonlib03martgoog_0181.png"; bbox 0 0 2528 4038; ppageno 0'>
   <div class='ocr_carea' id='block_1_1' title="bbox 180 193 865 270">
    <p class='ocr_par' dir='ltr' id='par_1_1' title="bbox 180 193 865 270">
     <span class='ocr_line' id='line_1_1' title="bbox 180 193 865 270; baseline -0.023 -2"><span class='ocrx_word' id='word_1_1' title='bbox 180 201 246 268; x_wconf 86' lang='grc'>140</span> <span class='ocrx_word' id='word_1_2' title='bbox 503 199 542 260; x_wconf 82' lang='grc' dir='ltr'>Μ.</span> <span class='ocrx_word' id='word_1_3' title='bbox 561 197 644 258; x_wconf 78' lang='lat' dir='ltr'>VAL.</span> <span class='ocrx_word' id='word_1_4' title='bbox 662 193 865 270; x_wconf 74' lang='lat' dir='ltr'>nrurrnms</span> 
     </span>
    </p>
   </div>
   <div class='ocr_carea' id='block_1_2' title="bbox 652 359 721 428">
    <p class='ocr_par' dir='ltr' id='par_1_2' title="bbox 652 359 721 428">
     <span class='ocr_line' id='line_1_2' title="bbox 652 359 721 428; baseline 0.029 -2"><span class='ocrx_word' id='word_1_5' title='bbox 652 359 721 428; x_wconf 85' lang='lat' dir='ltr'>LV.</span> 
     </span>
    </p>
   </div>
   <div class='ocr_carea' id='block_1_3' title="bbox 196 457 878 901">
    <p class='ocr_par' dir='ltr' id='par_1_3' title="bbox 196 457 878 901">
     <span class='ocr_line' id='line_1_3' title="bbox 223 457 878 546; baseline -0.005 -19"><span class='ocrx_word' id='word_1_6' title='bbox 223 459 316 538; x_wconf 80' lang='lat' dir='ltr'>Quod</span> <span class='ocrx_word' id='word_1_7' title='bbox 340 481 468 546; x_wconf 81' lang='lat' dir='ltr'>semper</span> <span class='ocrx_word' id='word_1_8' title='bbox 490 458 641 543; x_wconf 83' lang='lat' dir='ltr'>casiaque</span> <span class='ocrx_word' id='word_1_9' title='bbox 664 457 878 544; x_wconf 88' lang='lat' dir='ltr'>cinnamoque</span> 
     </span>
     <span class='ocr_line' id='line_1_4' title="bbox 222 546 777 636; baseline -0.005 -21"><span class='ocrx_word' id='word_1_10' title='bbox 222 549 268 616; x_wconf 78' lang='lat' dir='ltr'>ut</span> <span class='ocrx_word' id='word_1_11' title='bbox 289 549 367 615; x_wconf 92' lang='lat' dir='ltr'>nido</span> <span class='ocrx_word' id='word_1_12' title='bbox 390 551 485 636; x_wconf 82' lang='lat' dir='ltr'>niger</span> <span class='ocrx_word' id='word_1_13' title='bbox 508 548 595 614; x_wconf 89' lang='lat' dir='ltr'>alitis</span> <span class='ocrx_word' id='word_1_14' title='bbox 619 546 777 632; x_wconf 81' lang='lat' dir='ltr'>superbae</span> 
     </span>
     <span class='ocr_line' id='line_1_5' title="bbox 221 635 790 726; baseline -0.002 -23"><span class='ocrx_word' id='word_1_15' title='bbox 221 637 365 725; x_wconf 78' lang='lat' dir='ltr'><strong>Fragras</strong></span> <span class='ocrx_word' id='word_1_16' title='bbox 388 638 543 726; x_wconf 88' lang='lat' dir='ltr'>plumbea</span> <span class='ocrx_word' id='word_1_17' title='bbox 565 635 790 720; x_wconf 78' lang='lat' dir='ltr'>Nicerotiana,</span> 
     </span>
     <span class='ocr_line' id='line_1_6' title="bbox 221 723 846 811; baseline -0.005 -19"><span class='ocrx_word' id='word_1_18' title='bbox 221 726 321 792; x_wconf 82' lang='lat' dir='ltr'>Rides</span> <span class='ocrx_word' id='word_1_19' title='bbox 343 748 418 811; x_wconf 87' lang='lat' dir='ltr'>nos,</span> <span class='ocrx_word' id='word_1_20' title='bbox 441 723 612 806; x_wconf 79' lang='lat' dir='ltr'>Coracine,</span> <span class='ocrx_word' id='word_1_21' title='bbox 634 724 682 790; x_wconf 90' lang='lat' dir='ltr'>nil</span> <span class='ocrx_word' id='word_1_22' title='bbox 706 725 846 790; x_wconf 87' lang='lat' dir='ltr'>olentes:</span> 
     </span>
     <span class='ocr_line' id='line_1_7' title="bbox 196 812 869 901; baseline -0.001 -20"><span class='ocrx_word' id='word_1_23' title='bbox 196 813 327 900; x_wconf 74' lang='lat' dir='ltr'>uMulo,</span> <span class='ocrx_word' id='word_1_24' title='bbox 350 837 449 901; x_wconf 91' lang='lat' dir='ltr'>quam</span> <span class='ocrx_word' id='word_1_25' title='bbox 472 815 553 880; x_wconf 90' lang='lat' dir='ltr'>bene</span> <span class='ocrx_word' id='word_1_26' title='bbox 576 814 676 900; x_wconf 88' lang='lat' dir='ltr'>olere,</span> <span class='ocrx_word' id='word_1_27' title='bbox 698 813 749 878; x_wconf 93' lang='lat' dir='ltr'>nil</span> <span class='ocrx_word' id='word_1_28' title='bbox 771 812 869 880; x_wconf 86' lang='lat' dir='ltr'>olere.</span> 
     </span>
    </p>
   </div>
   <div class='ocr_carea' id='block_1_4' title="bbox 643 953 730 1022">
    <p class='ocr_par' dir='ltr' id='par_1_4' title="bbox 643 953 730 1022">
     <span class='ocr_line' id='line_1_8' title="bbox 643 953 730 1022; baseline -0.011 0"><span class='ocrx_word' id='word_1_29' title='bbox 643 953 730 1022; x_wconf 88' lang='lat' dir='ltr'><strong>LVI.</strong></span> 
     </span>
    </p>
   </div>
   <div class='ocr_carea' id='block_1_5' title="bbox 102 1049 1261 1582">
    <p class='ocr_par' dir='ltr' id='par_1_5' title="bbox 102 1049 1261 1582">
     <span class='ocr_line' id='line_1_9' title="bbox 224 1049 1109 1142; baseline -0.005 -24"><span class='ocrx_word' id='word_1_30' title='bbox 224 1051 318 1130; x_wconf 83' lang='lat' dir='ltr'>Quod</span> <span class='ocrx_word' id='word_1_31' title='bbox 339 1053 403 1120; x_wconf 89' lang='lat' dir='ltr'>tibi</span> <span class='ocrx_word' id='word_1_32' title='bbox 425 1075 519 1120; x_wconf 90' lang='lat' dir='ltr'>crura</span> <span class='ocrx_word' id='word_1_33' title='bbox 542 1053 650 1142; x_wconf 82' lang='lat' dir='ltr'>rigent</span> <span class='ocrx_word' id='word_1_34' title='bbox 673 1052 772 1120; x_wconf 88' lang='lat' dir='ltr'>saetis</span> <span class='ocrx_word' id='word_1_35' title='bbox 796 1055 830 1117; x_wconf 86' lang='lat' dir='ltr'>et</span> <span class='ocrx_word' id='word_1_36' title='bbox 851 1054 986 1138; x_wconf 89' lang='lat' dir='ltr'>pectora</span> <span class='ocrx_word' id='word_1_37' title='bbox 1008 1049 1109 1134; x_wconf 81' lang='lat' dir='ltr'>villis,</span> 
     </span>
     <span class='ocr_line' id='line_1_10' title="bbox 267 1139 1051 1228; baseline -0.001 -23"><span class='ocrx_word' id='word_1_38' title='bbox 267 1139 379 1208; x_wconf 86' lang='lat' dir='ltr'>Verba</span> <span class='ocrx_word' id='word_1_39' title='bbox 401 1147 497 1228; x_wconf 86' lang='lat' dir='ltr'>putas</span> <span class='ocrx_word' id='word_1_40' title='bbox 520 1141 628 1208; x_wconf 84' lang='lat' dir='ltr'>famae</span> <span class='ocrx_word' id='word_1_41' title='bbox 651 1146 696 1226; x_wconf 89' lang='lat' dir='ltr'>te,</span> <span class='ocrx_word' id='word_1_42' title='bbox 720 1139 1051 1226; x_wconf 63' lang='lat' dir='ltr'>chananaeam?</span> 
     </span>
     <span class='ocr_line' id='line_1_11' title="bbox 225 1227 1037 1316; baseline 0 -22"><span class='ocrx_word' id='word_1_43' title='bbox 225 1227 381 1316; x_wconf 82' lang='lat' dir='ltr'>Idxtirpa,</span> <span class='ocrx_word' id='word_1_44' title='bbox 402 1231 484 1296; x_wconf 87' lang='lat' dir='ltr'>mihi</span> <span class='ocrx_word' id='word_1_45' title='bbox 508 1231 613 1315; x_wconf 88' lang='lat' dir='ltr'>crede,</span> <span class='ocrx_word' id='word_1_46' title='bbox 635 1230 720 1316; x_wconf 86' lang='lat' dir='ltr'>pilos</span> <span class='ocrx_word' id='word_1_47' title='bbox 744 1230 783 1296; x_wconf 89' lang='lat' dir='ltr'>de</span> <span class='ocrx_word' id='word_1_48' title='bbox 807 1251 943 1314; x_wconf 90' lang='lat' dir='ltr'>corpore</span> <span class='ocrx_word' id='word_1_49' title='bbox 965 1231 1037 1294; x_wconf 89' lang='lat' dir='ltr'>tcto</span> 
     </span>
     <span class='ocr_line' id='line_1_12' title="bbox 102 1317 926 1405; baseline 0 -23"><span class='ocrx_word' id='word_1_50' title='bbox 102 1388 107 1398; x_wconf 62' lang='grc'>,</span> <span class='ocrx_word' id='word_1_51' title='bbox 267 1317 377 1405; x_wconf 85' lang='lat' dir='ltr'>Teque</span> <span class='ocrx_word' id='word_1_52' title='bbox 399 1319 503 1404; x_wconf 87' lang='lat' dir='ltr'>pilare</span> <span class='ocrx_word' id='word_1_53' title='bbox 526 1324 601 1384; x_wconf 88' lang='lat' dir='ltr'>tuas</span> <span class='ocrx_word' id='word_1_54' title='bbox 624 1319 800 1384; x_wconf 86' lang='lat' dir='ltr'>testificare</span> <span class='ocrx_word' id='word_1_55' title='bbox 822 1324 926 1384; x_wconf 87' lang='lat' dir='ltr'>nates.</span> 
     </span>
     <span class='ocr_line' id='line_1_13' title="bbox 143 1403 1261 1492; baseline -0.01 -16"><span class='ocrx_word' id='word_1_56' title='bbox 143 1472 145 1476; x_wconf 87' lang='lat'>.</span> <span class='ocrx_word' id='word_1_57' title='bbox 196 1419 213 1471; x_wconf 81' lang='lat'><strong>5</strong></span> <span class='ocrx_word' id='word_1_58' title='bbox 220 1403 334 1491; x_wconf 85' lang='lat' dir='ltr'>„Quae</span> <span class='ocrx_word' id='word_1_59' title='bbox 356 1408 441 1472; x_wconf 87' lang='lat' dir='ltr'>ratio</span> <span class='ocrx_word' id='word_1_60' title='bbox 461 1407 551 1473; x_wconf 80' lang='lat' dir='ltr'>est?“</span> <span class='ocrx_word' id='word_1_61' title='bbox 573 1407 690 1492; x_wconf 86' lang='lat' dir='ltr'>inquis.</span> <span class='ocrx_word' id='word_1_62' title='bbox 718 1406 788 1473; x_wconf 87' lang='lat' dir='ltr'>Scis</span> <span class='ocrx_word' id='word_1_63' title='bbox 807 1407 930 1472; x_wconf 88' lang='lat' dir='ltr'>multos</span> <span class='ocrx_word' id='word_1_64' title='bbox 954 1405 1059 1472; x_wconf 85' lang='lat' dir='ltr'>dicere</span> <span class='ocrx_word' id='word_1_65' title='bbox 1077 1403 1191 1469; x_wconf 85' lang='lat' dir='ltr'>multa:</span> <span class='ocrx_word' id='word_1_66' title='bbox 1260 1415 1261 1444; x_wconf 62' lang='lat'>¹</span> 
     </span>
     <span class='ocr_line' id='line_1_14' title="bbox 267 1491 965 1582; baseline 0.001 -22"><span class='ocrx_word' id='word_1_67' title='bbox 267 1491 334 1560; x_wconf 80' lang='lat' dir='ltr'>Fac</span> <span class='ocrx_word' id='word_1_68' title='bbox 355 1495 519 1581; x_wconf 77' lang='lat' dir='ltr'>predicari</span> <span class='ocrx_word' id='word_1_69' title='bbox 542 1501 588 1577; x_wconf 87' lang='lat' dir='ltr'>te,</span> <span class='ocrx_word' id='word_1_70' title='bbox 612 1495 816 1582; x_wconf 81' lang='lat' dir='ltr'>Charideme,</span> <span class='ocrx_word' id='word_1_71' title='bbox 838 1498 965 1581; x_wconf 87' lang='lat' dir='ltr'>putent.</span> 
     </span>
    </p>
   </div>
   <div class='ocr_carea' id='block_1_6' title="bbox 637 1637 752 1704">
    <p class='ocr_par' dir='ltr' id='par_1_6' title="bbox 637 1637 752 1704">
     <span class='ocr_line' id='line_1_15' title="bbox 637 1637 752 1704; baseline -0.009 -1"><span class='ocrx_word' id='word_1_72' title='bbox 637 1637 752 1704; x_wconf 69' lang='lat' dir='ltr'>nvn:</span> 
     </span>
    </p>
   </div>
   <div class='ocr_carea' id='block_1_7' title="bbox 132 1731 1140 2086">
    <p class='ocr_par' dir='ltr' id='par_1_7' title="bbox 223 1731 1125 1822">
     <span class='ocr_line' id='line_1_16' title="bbox 223 1731 1125 1822; baseline 0.003 -25"><span class='ocrx_word' id='word_1_73' title='bbox 223 1731 374 1798; x_wconf 90' lang='lat' dir='ltr'>Mentiris</span> <span class='ocrx_word' id='word_1_74' title='bbox 396 1732 491 1799; x_wconf 88' lang='lat' dir='ltr'>fictos</span> <span class='ocrx_word' id='word_1_75' title='bbox 513 1740 694 1822; x_wconf 84' lang='lat' dir='ltr'>unguento,</span> <span class='ocrx_word' id='word_1_76' title='bbox 716 1734 861 1818; x_wconf 89' lang='lat' dir='ltr'>Phoebe,</span> <span class='ocrx_word' id='word_1_77' title='bbox 884 1734 1021 1818; x_wconf 85' lang='lat' dir='ltr'>capillos</span> <span class='ocrx_word' id='word_1_78' title='bbox 1123 1745 1125 1748; x_wconf 82' lang='grc'><strong>’</strong></span> 
     </span>
    </p>

    <p class='ocr_par' dir='ltr' id='par_1_8' title="bbox 132 1819 1089 1908">
     <span class='ocr_line' id='line_1_17' title="bbox 132 1819 1089 1908; baseline -0.001 -21"><span class='ocrx_word' id='word_1_79' title='bbox 132 1883 141 1903; x_wconf 78' lang='grc'><em>,</em></span> <span class='ocrx_word' id='word_1_80' title='bbox 248 1819 315 1904; x_wconf 33' lang='grc' dir='ltr'>,Εἰ</span> <span class='ocrx_word' id='word_1_81' title='bbox 336 1823 462 1908; x_wconf 86' lang='lat' dir='ltr'>tegitur</span> <span class='ocrx_word' id='word_1_82' title='bbox 483 1823 579 1907; x_wconf 87' lang='lat' dir='ltr'>pictis</span> <span class='ocrx_word' id='word_1_83' title='bbox 603 1822 732 1889; x_wconf 86' lang='lat' dir='ltr'>sordida</span> <span class='ocrx_word' id='word_1_84' title='bbox 755 1825 848 1889; x_wconf 87' lang='lat' dir='ltr'>calva</span> <span class='ocrx_word' id='word_1_85' title='bbox 871 1823 980 1889; x_wconf 88' lang='lat' dir='ltr'>cornis.</span> <span class='ocrx_word' id='word_1_86' title='bbox 1088 1841 1089 1844; x_wconf 71' lang='grc'>’</span> 
     </span>
    </p>

    <p class='ocr_par' dir='ltr' id='par_1_9' title="bbox 224 1909 1140 2086">
     <span class='ocr_line' id='line_1_18' title="bbox 224 1909 1140 1997; baseline -0.002 -21"><span class='ocrx_word' id='word_1_87' title='bbox 224 1909 403 1977; x_wconf 76' lang='lat' dir='ltr'>Tonsorem</span> <span class='ocrx_word' id='word_1_88' title='bbox 428 1911 529 1997; x_wconf 85' lang='lat' dir='ltr'>capiti</span> <span class='ocrx_word' id='word_1_89' title='bbox 551 1931 617 1977; x_wconf 89' lang='lat' dir='ltr'>non</span> <span class='ocrx_word' id='word_1_90' title='bbox 640 1917 691 1977; x_wconf 86' lang='lat' dir='ltr'>est</span> <span class='ocrx_word' id='word_1_91' title='bbox 713 1911 866 1977; x_wconf 91' lang='lat' dir='ltr'>adhibere</span> <span class='ocrx_word' id='word_1_92' title='bbox 885 1932 1034 1980; x_wconf 42' lang='lat' dir='ltr'>*necesses</span> <span class='ocrx_word' id='word_1_93' title='bbox 1135 1936 1140 1942; x_wconf 59' lang='grc'><strong>’</strong></span> 
     </span>
     <span class='ocr_line' id='line_1_19' title="bbox 268 1997 1083 2086; baseline 0 -22"><span class='ocrx_word' id='word_1_94' title='bbox 268 1997 394 2064; x_wconf 83' lang='lat' dir='ltr'>Radere</span> <span class='ocrx_word' id='word_1_95' title='bbox 417 2002 451 2063; x_wconf 91' lang='lat' dir='ltr'>te</span> <span class='ocrx_word' id='word_1_96' title='bbox 474 1999 590 2064; x_wconf 88' lang='lat' dir='ltr'>melius</span> <span class='ocrx_word' id='word_1_97' title='bbox 614 2021 772 2086; x_wconf 83' lang='lat' dir='ltr'>spongea,</span> <span class='ocrx_word' id='word_1_98' title='bbox 794 1999 940 2086; x_wconf 88' lang='lat' dir='ltr'>Phoebe,</span> <span class='ocrx_word' id='word_1_99' title='bbox 962 2003 1083 2084; x_wconf 87' lang='lat' dir='ltr'>potest.</span> 
     </span>
    </p>
   </div>
   <div class='ocr_carea' id='block_1_8' title="bbox 571 2130 851 2216">
    <p class='ocr_par' dir='ltr' id='par_1_10' title="bbox 571 2130 851 2216">
     <span class='ocr_line' id='line_1_20' title="bbox 571 2130 851 2216; baseline -0.004 0"><span class='ocrx_word' id='word_1_100' title='bbox 571 2133 572 2136; x_wconf 67' lang='lat'>‘</span> <span class='ocrx_word' id='word_1_101' title='bbox 625 2148 745 2216; x_wconf 78' lang='lat' dir='ltr'>auur.</span> <span class='ocrx_word' id='word_1_102' title='bbox 850 2130 851 2133; x_wconf 67' lang='lat'>‘</span> 
     </span>
    </p>
   </div>
   <div class='ocr_carea' id='block_1_9' title="bbox 129 2245 1261 3132">
    <p class='ocr_par' dir='ltr' id='par_1_11' title="bbox 129 2245 1261 3132">
     <span class='ocr_line' id='line_1_21' title="bbox 225 2245 1148 2331; baseline -0.004 -15"><span class='ocrx_word' id='word_1_103' title='bbox 225 2245 364 2316; x_wconf 82' lang='lat' dir='ltr'>Cernere</span> <span class='ocrx_word' id='word_1_104' title='bbox 387 2245 580 2313; x_wconf 85' lang='lat' dir='ltr'>Parrhasios</span> <span class='ocrx_word' id='word_1_105' title='bbox 603 2247 680 2313; x_wconf 88' lang='lat' dir='ltr'>dum</span> <span class='ocrx_word' id='word_1_106' title='bbox 702 2252 736 2313; x_wconf 85' lang='lat' dir='ltr'>te</span> <span class='ocrx_word' id='word_1_107' title='bbox 758 2249 863 2328; x_wconf 86' lang='lat' dir='ltr'>iuvat,</span> <span class='ocrx_word' id='word_1_108' title='bbox 885 2247 983 2331; x_wconf 83' lang='lat' dir='ltr'>Aule,</span> <span class='ocrx_word' id='word_1_109' title='bbox 1007 2247 1148 2314; x_wconf 80' lang='lat' dir='ltr'>triones</span> 
     </span>
     <span class='ocr_line' id='line_1_22' title="bbox 268 2333 1115 2424; baseline -0.001 -22"><span class='ocrx_word' id='word_1_110' title='bbox 268 2333 424 2402; x_wconf 78' lang='lat' dir='ltr'>Cominus</span> <span class='ocrx_word' id='word_1_111' title='bbox 446 2338 482 2402; x_wconf 85' lang='lat' dir='ltr'>et</span> <span class='ocrx_word' id='word_1_112' title='bbox 505 2333 610 2402; x_wconf 82' lang='lat' dir='ltr'>Getici</span> <span class='ocrx_word' id='word_1_113' title='bbox 634 2336 741 2402; x_wconf 86' lang='lat' dir='ltr'>sidera</span> <span class='ocrx_word' id='word_1_114' title='bbox 762 2337 861 2424; x_wconf 80' lang='lat' dir='ltr'>pigra</span> <span class='ocrx_word' id='word_1_115' title='bbox 883 2336 965 2423; x_wconf 91' lang='lat' dir='ltr'>poli,</span> <span class='ocrx_word' id='word_1_116' title='bbox 1113 2343 1115 2347; x_wconf 77' lang='grc'><strong>“</strong></span> 
     </span>
     <span class='ocr_line' id='line_1_23' title="bbox 225 2421 1261 2512; baseline -0.002 -22"><span class='ocrx_word' id='word_1_117' title='bbox 225 2421 253 2490; x_wconf 95' lang='grc' dir='ltr'><strong>Ο</strong></span> <span class='ocrx_word' id='word_1_118' title='bbox 278 2445 376 2510; x_wconf 88' lang='lat' dir='ltr'>quam</span> <span class='ocrx_word' id='word_1_119' title='bbox 399 2446 502 2510; x_wconf 87' lang='lat' dir='ltr'>paene</span> <span class='ocrx_word' id='word_1_120' title='bbox 525 2425 588 2490; x_wconf 90' lang='lat' dir='ltr'>tibi</span> <span class='ocrx_word' id='word_1_121' title='bbox 611 2423 746 2512; x_wconf 83' lang='lat' dir='ltr'>Stygias</span> <span class='ocrx_word' id='word_1_122' title='bbox 770 2447 832 2512; x_wconf 85' lang='lat' dir='ltr'>ego</span> <span class='ocrx_word' id='word_1_123' title='bbox 855 2431 969 2512; x_wconf 88' lang='lat' dir='ltr'>raptus</span> <span class='ocrx_word' id='word_1_124' title='bbox 993 2424 1035 2490; x_wconf 89' lang='lat' dir='ltr'>ad</span> <span class='ocrx_word' id='word_1_125' title='bbox 1057 2423 1156 2491; x_wconf 90' lang='lat' dir='ltr'>undas</span> <span class='ocrx_word' id='word_1_126' title='bbox 1234 2451 1236 2456; x_wconf 95' lang='lat'>·</span> <span class='ocrx_word' id='word_1_127' title='bbox 1260 2503 1261 2510; x_wconf 6' lang='grc' dir='ltr'>ἵ</span> 
     </span>
     <span class='ocr_line' id='line_1_24' title="bbox 268 2511 1261 2602; baseline 0.002 -24"><span class='ocrx_word' id='word_1_128' title='bbox 268 2511 403 2597; x_wconf 82' lang='lat' dir='ltr'>Elysiae</span> <span class='ocrx_word' id='word_1_129' title='bbox 425 2512 493 2578; x_wconf 83' lang='lat' dir='ltr'>vidi</span> <span class='ocrx_word' id='word_1_130' title='bbox 515 2513 630 2578; x_wconf 89' lang='lat' dir='ltr'>nubila</span> <span class='ocrx_word' id='word_1_131' title='bbox 651 2513 744 2580; x_wconf 88' lang='lat' dir='ltr'>fusca</span> <span class='ocrx_word' id='word_1_132' title='bbox 767 2515 901 2602; x_wconf 80' lang='lat' dir='ltr'>plagae!</span> <span class='ocrx_word' id='word_1_133' title='bbox 1259 2511 1261 2543; x_wconf 73' lang='lat'><em>³</em></span> 
     </span>
     <span class='ocr_line' id='line_1_25' title="bbox 197 2599 1148 2687; baseline 0 -19"><span class='ocrx_word' id='word_1_134' title='bbox 197 2599 380 2679; x_wconf 76' lang='lat' dir='ltr'>oQuamvis</span> <span class='ocrx_word' id='word_1_135' title='bbox 403 2601 506 2685; x_wconf 86' lang='lat' dir='ltr'>lassa,</span> <span class='ocrx_word' id='word_1_136' title='bbox 528 2604 603 2668; x_wconf 90' lang='lat' dir='ltr'>tuos</span> <span class='ocrx_word' id='word_1_137' title='bbox 627 2603 829 2687; x_wconf 74' lang='lat' dir='ltr'>quaerebant</span> <span class='ocrx_word' id='word_1_138' title='bbox 851 2602 978 2668; x_wconf 89' lang='lat' dir='ltr'>lumina</span> <span class='ocrx_word' id='word_1_139' title='bbox 1000 2602 1111 2668; x_wconf 84' lang='lat' dir='ltr'>vultus</span> <span class='ocrx_word' id='word_1_140' title='bbox 1144 2623 1148 2632; x_wconf 93' lang='lat'><em>·</em></span> 
     </span>
     <span class='ocr_line' id='line_1_26' title="bbox 267 2689 1085 2777; baseline 0.004 -23"><span class='ocrx_word' id='word_1_141' title='bbox 267 2689 378 2776; x_wconf 83' lang='lat' dir='ltr'>Atque</span> <span class='ocrx_word' id='word_1_142' title='bbox 401 2693 472 2754; x_wconf 88' lang='lat' dir='ltr'>erat</span> <span class='ocrx_word' id='word_1_143' title='bbox 495 2689 529 2755; x_wconf 88' lang='lat' dir='ltr'>in</span> <span class='ocrx_word' id='word_1_144' title='bbox 554 2691 660 2777; x_wconf 84' lang='lat' dir='ltr'>gelido</span> <span class='ocrx_word' id='word_1_145' title='bbox 684 2693 844 2776; x_wconf 90' lang='lat' dir='ltr'>plurimus</span> <span class='ocrx_word' id='word_1_146' title='bbox 867 2713 923 2757; x_wconf 87' lang='lat' dir='ltr'>ore</span> <span class='ocrx_word' id='word_1_147' title='bbox 945 2690 1085 2757; x_wconf 86' lang='lat' dir='ltr'>Pudens.</span> 
     </span>
     <span class='ocr_line' id='line_1_27' title="bbox 224 2776 1035 2866; baseline -0.001 -21"><span class='ocrx_word' id='word_1_148' title='bbox 224 2776 258 2845; x_wconf 88' lang='lat' dir='ltr'>Si</span> <span class='ocrx_word' id='word_1_149' title='bbox 281 2777 363 2844; x_wconf 92' lang='lat' dir='ltr'>mihi</span> <span class='ocrx_word' id='word_1_150' title='bbox 385 2778 534 2844; x_wconf 85' lang='lat' dir='ltr'>lanificae</span> <span class='ocrx_word' id='word_1_151' title='bbox 557 2779 680 2846; x_wconf 87' lang='lat' dir='ltr'>ducunt</span> <span class='ocrx_word' id='word_1_152' title='bbox 701 2801 769 2846; x_wconf 90' lang='lat' dir='ltr'>non</span> <span class='ocrx_word' id='word_1_153' title='bbox 792 2781 885 2866; x_wconf 90' lang='lat' dir='ltr'>pulla</span> <span class='ocrx_word' id='word_1_154' title='bbox 908 2801 1035 2846; x_wconf 88' lang='lat' dir='ltr'>sorores</span> 
     </span>
     <span class='ocr_line' id='line_1_28' title="bbox 270 2865 1051 2952; baseline 0.003 -20"><span class='ocrx_word' id='word_1_155' title='bbox 270 2865 418 2933; x_wconf 79' lang='lat' dir='ltr'>Stamina</span> <span class='ocrx_word' id='word_1_156' title='bbox 440 2888 500 2932; x_wconf 88' lang='lat' dir='ltr'>nec</span> <span class='ocrx_word' id='word_1_157' title='bbox 524 2868 638 2934; x_wconf 90' lang='lat' dir='ltr'>surdos</span> <span class='ocrx_word' id='word_1_158' title='bbox 661 2891 725 2934; x_wconf 83' lang='lat' dir='ltr'>vox</span> <span class='ocrx_word' id='word_1_159' title='bbox 748 2869 851 2936; x_wconf 87' lang='lat' dir='ltr'>habet</span> <span class='ocrx_word' id='word_1_160' title='bbox 872 2869 938 2934; x_wconf 86' lang='lat' dir='ltr'>ista</span> <span class='ocrx_word' id='word_1_161' title='bbox 961 2869 1051 2952; x_wconf 86' lang='lat' dir='ltr'>deos,</span> 
     </span>
     <span class='ocr_line' id='line_1_29' title="bbox 224 2953 1074 3038; baseline 0.001 -17"><span class='ocrx_word' id='word_1_162' title='bbox 224 2953 353 3036; x_wconf 85' lang='lat' dir='ltr'>Sospite</span> <span class='ocrx_word' id='word_1_163' title='bbox 376 2976 428 3020; x_wconf 91' lang='lat' dir='ltr'>me</span> <span class='ocrx_word' id='word_1_164' title='bbox 451 2973 563 3038; x_wconf 87' lang='lat' dir='ltr'>sospes</span> <span class='ocrx_word' id='word_1_165' title='bbox 586 2955 700 3022; x_wconf 86' lang='lat' dir='ltr'>Latias</span> <span class='ocrx_word' id='word_1_166' title='bbox 723 2957 888 3024; x_wconf 81' lang='lat' dir='ltr'>reveheris</span> <span class='ocrx_word' id='word_1_167' title='bbox 912 2958 953 3023; x_wconf 90' lang='lat' dir='ltr'>ad</span> <span class='ocrx_word' id='word_1_168' title='bbox 975 2958 1074 3023; x_wconf 88' lang='lat' dir='ltr'>urbes</span> 
     </span>
     <span class='ocr_line' id='line_1_30' title="bbox 129 3043 967 3132; baseline 0.004 -23"><span class='ocrx_word' id='word_1_169' title='bbox 129 3109 133 3116; x_wconf 89' lang='grc'><em>,</em></span> <span class='ocrx_word' id='word_1_170' title='bbox 181 3059 214 3111; x_wconf 84' lang='lat'>10</span> <span class='ocrx_word' id='word_1_171' title='bbox 268 3043 316 3109; x_wconf 79' lang='lat' dir='ltr'>nt</span> <span class='ocrx_word' id='word_1_172' title='bbox 337 3043 457 3110; x_wconf 87' lang='lat' dir='ltr'>referes</span> <span class='ocrx_word' id='word_1_173' title='bbox 479 3045 538 3129; x_wconf 89' lang='lat' dir='ltr'>pili</span> <span class='ocrx_word' id='word_1_174' title='bbox 561 3047 706 3130; x_wconf 90' lang='lat' dir='ltr'>praemia</span> <span class='ocrx_word' id='word_1_175' title='bbox 729 3047 835 3113; x_wconf 88' lang='lat' dir='ltr'>clarus</span> <span class='ocrx_word' id='word_1_176' title='bbox 859 3067 967 3132; x_wconf 89' lang='lat' dir='ltr'>eques.</span> 
     </span>
    </p>
   </div>
   <div class='ocr_carea' id='block_1_10' title="bbox 645 3186 729 3253">
    <p class='ocr_par' dir='ltr' id='par_1_12' title="bbox 645 3186 729 3253">
     <span class='ocr_line' id='line_1_31' title="bbox 645 3186 729 3253; baseline 0.012 -1"><span class='ocrx_word' id='word_1_177' title='bbox 645 3186 729 3253; x_wconf 84' lang='lat' dir='ltr'>LIX.</span> 
     </span>
    </p>
   </div>
   <div class='ocr_carea' id='block_1_11' title="bbox 224 3281 1260 3636">
    <p class='ocr_par' dir='ltr' id='par_1_13' title="bbox 224 3281 1260 3550">
     <span class='ocr_line' id='line_1_32' title="bbox 224 3281 1260 3372; baseline 0 -25"><span class='ocrx_word' id='word_1_178' title='bbox 224 3281 269 3347; x_wconf 77' lang='lat' dir='ltr'>nt</span> <span class='ocrx_word' id='word_1_179' title='bbox 292 3283 380 3348; x_wconf 92' lang='lat' dir='ltr'>dolet</span> <span class='ocrx_word' id='word_1_180' title='bbox 403 3286 436 3348; x_wconf 92' lang='lat' dir='ltr'>et</span> <span class='ocrx_word' id='word_1_181' title='bbox 458 3283 619 3368; x_wconf 88' lang='lat' dir='ltr'>queritur,</span> <span class='ocrx_word' id='word_1_182' title='bbox 642 3283 795 3350; x_wconf 88' lang='lat' dir='ltr'>sibinen</span> <span class='ocrx_word' id='word_1_183' title='bbox 818 3285 1007 3372; x_wconf 83' lang='lat' dir='ltr'>contingere</span> <span class='ocrx_word' id='word_1_184' title='bbox 1030 3283 1144 3370; x_wconf 83' lang='lat' dir='ltr'>frigus,</span> <span class='ocrx_word' id='word_1_185' title='bbox 1259 3354 1260 3359; x_wconf 9' lang='grc' dir='ltr'>η</span> 
     </span>
     <span class='ocr_line' id='line_1_33' title="bbox 268 3369 997 3462; baseline 0.005 -28"><span class='ocrx_word' id='word_1_186' title='bbox 268 3369 408 3457; x_wconf 89' lang='lat' dir='ltr'>Propter</span> <span class='ocrx_word' id='word_1_187' title='bbox 430 3377 595 3438; x_wconf 88' lang='lat' dir='ltr'>sescentas</span> <span class='ocrx_word' id='word_1_188' title='bbox 618 3369 762 3440; x_wconf 85' lang='lat' dir='ltr'>Baccara</span> <span class='ocrx_word' id='word_1_189' title='bbox 786 3375 997 3462; x_wconf 86' lang='lat' dir='ltr'>gausapinas,</span> 
     </span>
     <span class='ocr_line' id='line_1_34' title="bbox 226 3455 1069 3550; baseline 0.005 -27"><span class='ocrx_word' id='word_1_190' title='bbox 226 3455 329 3542; x_wconf 86' lang='lat' dir='ltr'>Optat</span> <span class='ocrx_word' id='word_1_191' title='bbox 352 3463 386 3525; x_wconf 89' lang='lat' dir='ltr'>et</span> <span class='ocrx_word' id='word_1_192' title='bbox 409 3458 563 3525; x_wconf 87' lang='lat' dir='ltr'>obscuras</span> <span class='ocrx_word' id='word_1_193' title='bbox 586 3461 674 3528; x_wconf 87' lang='lat' dir='ltr'>luces</span> <span class='ocrx_word' id='word_1_194' title='bbox 697 3467 876 3548; x_wconf 88' lang='lat' dir='ltr'>ventosque</span> <span class='ocrx_word' id='word_1_195' title='bbox 899 3463 1069 3550; x_wconf 79' lang='lat' dir='ltr'>nivesque,</span> 
     </span>
    </p>

    <p class='ocr_par' dir='ltr' id='par_1_14' title="bbox 271 3545 919 3636">
     <span class='ocr_line' id='line_1_35' title="bbox 271 3545 919 3636; baseline 0.015 -25"><span class='ocrx_word' id='word_1_196' title='bbox 271 3545 350 3611; x_wconf 90' lang='lat' dir='ltr'>Odit</span> <span class='ocrx_word' id='word_1_197' title='bbox 373 3552 407 3613; x_wconf 90' lang='lat' dir='ltr'>et</span> <span class='ocrx_word' id='word_1_198' title='bbox 428 3547 598 3636; x_wconf 89' lang='lat' dir='ltr'>hibernos,</span> <span class='ocrx_word' id='word_1_199' title='bbox 621 3551 649 3616; x_wconf 88' lang='lat' dir='ltr'>si</span> <span class='ocrx_word' id='word_1_200' title='bbox 672 3553 818 3636; x_wconf 89' lang='lat' dir='ltr'>tepuere,</span> <span class='ocrx_word' id='word_1_201' title='bbox 841 3551 919 3620; x_wconf 87' lang='lat' dir='ltr'>dies.</span> 
     </span>
    </p>
   </div>
   <div class='ocr_carea' id='block_1_12' title="bbox 0 0 1268 4038">
    <p class='ocr_par' dir='ltr' id='par_1_15' title="bbox 0 0 1268 4038">
     <span class='ocr_line' id='line_1_36' title="bbox 0 0 1268 4038; baseline 0 0"><span class='ocrx_word' id='word_1_202' title='bbox 0 0 1268 4038; x_wconf 95' lang='lat' dir='ltr'> </span> 
     </span>
    </p>
   </div>
  </div>
 </body>
</html>
