2610 4048
18 191 19 195 Ν
148 257 149 260 ¹
180 233 225 300 54
509 231 548 290 u
566 231 649 290 van.
667 229 866 288 amulum

227 555 307 625 Sola
328 557 392 624 tibi
413 556 544 622 fuerant
568 447 746 640 seslIdilld,L
755 541 903 639 Miliclre,
926 527 1069 640 centum,

270 647 359 724 Quae
382 645 461 712 tulit
484 667 501 711 e
526 667 618 712 sacra
639 643 727 710 Leda
750 644 1003 732 redempturis.

226 733 373 820 Milicho,
395 733 524 800 luxuria
547 738 610 810 est,
633 733 769 798 silenti
792 733 882 800 dives
906 755 1041 800 amares.

269 823 366 910 „Non
383 823 477 890 amo“
498 822 566 888 iam
590 821 690 888 dices:
713 821 794 888 haec
811 843 941 908 quoque
963 821 1090 888 luxuria
1113 825 1177 886 est.
1298 891 1299 910 χ

563 1094 566 1099 ,
629 1015 745 1084 LXIV.

225 1122 314 1190 Dum
335 1124 432 1192 modo
455 1123 666 1203 causidicum,
685 1123 761 1189 dum
779 1127 813 1190 te
832 1123 928 1190 modo
947 1123 1079 1189 rhetora
1097 1121 1201 1208 fingis
1298 1119 1299 1154 ³

270 1213 317 1279 Et
338 1235 406 1280 non
429 1213 590 1298 decernis,
612 1211 729 1296 Lauro,
754 1212 831 1298 qnid
855 1234 925 1278 esse
947 1212 1044 1294 velis,
1168 1215 1169 1220 ’
1290 1195 1299 1284 l

226 1299 341 1367 Peleos
365 1305 398 1367 et
419 1301 544 1367 Priami
565 1305 685 1366 transit
708 1305 741 1367 et
764 1299 914 1367 Nestoris
938 1305 1028 1366 actas
1083 1378 1084 1381 Ἴ
1298 1299 1299 1304 ’

270 1389 318 1456 Et
339 1389 447 1456 iuerat
470 1411 578 1456 serum
600 1391 667 1455 iam
690 1389 753 1454 tibi
775 1389 930 1454 desinere.

201 1475 353 1563 oIncipe,
375 1483 442 1544 tres
465 1501 529 1546 uno
552 1479 719 1565 perierunt
741 1477 888 1544 rhetores
913 1498 1012 1561 anne,

274 1563 310 1632 Si
334 1566 410 1652 quid
432 1567 535 1633 habes
558 1567 672 1652 animi,
696 1567 723 1632 si
747 1567 824 1651 quid
847 1567 881 1631 in
905 1570 975 1632 arte
998 1565 1096 1630 vales.

229 1651 266 1720 Si
288 1653 401 1721 schola
424 1657 610 1738 damnatur,
631 1655 704 1722 fora
727 1655 840 1720 litibus
864 1654 974 1720 omnia
996 1652 1138 1736 fervent,

136 1781 137 1784 π
271 1741 346 1829 Ipse
369 1747 479 1828 potest
501 1744 571 1810 fieri
593 1743 725 1810 Marsua
747 1743 937 1810 causidicus.
1006 1769 1007 1772 ¹

227 1829 312 1898 Heia
335 1854 411 1920 age,
433 1855 546 1918 rumpe
567 1854 689 1898 moras:
714 1854 778 1916 quo
797 1837 830 1897 te
849 1831 1056 1918 sperabimus
1071 1828 1204 1915 usque?

184 1935 218 1987 lo
270 1919 358 1987 Dum
381 1920 459 2008 quid
482 1923 526 1986 sia
550 1921 693 2007 dubitas,
710 1922 782 1987 -iam
804 1925 898 2006 potes
922 1941 993 1986 esse
1015 1918 1108 1986 nihil.

1141 2045 1154 2096 x
1298 2045 1299 2050 Ν

640 2114 741 2182 LXV.

229 2221 297 2290 Gur
318 2223 498 2290 tristiorem
521 2222 681 2289 cernimus
706 2219 915 2288 Saleianum?

227 2311 301 2394 „An
323 2333 421 2378 causa
443 2312 525 2377 levis
549 2311 640 2376 estt‘,t
661 2311 781 2396 inquit,
805 2309 926 2392 „extuli
948 2307 1110 2375 uxorem.“

229 2399 256 2466 0
280 2399 402 2486 grande
423 2399 487 2465 fati
509 2399 642 2465 crimen!
667 2421 686 2464 o
710 2419 843 2484 gravem
867 2400 993 2463 casum!

228 2488 306 2572 Illa,
329 2488 387 2554 illa
410 2487 499 2554 dives
522 2493 653 2554 mortua
676 2491 726 2551 est
751 2485 947 2569 Secundilla,

202 2573 382 2664 oGentena
401 2576 505 2642 decies
527 2598 611 2662 quae
633 2575 700 2640 tibi
720 2574 807 2638 dedit
831 2575 939 2640 dotis?

227 2663 360 2732 Nollem
383 2664 552 2731 accidisset
574 2665 637 2731 hoc
660 2663 738 2748 tibi,
762 2661 920 2729 Saleiane.

633 2857 749 2925 LXVI.

228 2963 321 3031 Unus
346 2966 384 3032 de
407 2969 478 3031 toto
501 2969 693 3052 peccaverat
716 2964 794 3030 orbe
817 2977 984 3032 comarum

273 3055 417 3136 Anulus,
439 3054 564 3120 ineerta
586 3076 653 3120 non
676 3054 757 3122 bene
779 3053 862 3119 fixus
887 3076 955 3120 acu.
1104 3117 1105 3120 ,

228 3141 300 3208 Hoc
322 3143 448 3210 facinus
471 3143 594 3229 Lalage
619 3143 763 3228 speculo,
787 3165 851 3226 quo
874 3143 1016 3226 viderat,
1039 3141 1111 3207 ulta
1134 3145 1200 3224 est,

272 3231 318 3297 Et
342 3232 457 3327 cecidit
481 3232 586 3298 saevis
610 3231 676 3297 ieta
699 3229 837 3296 Plecusa
860 3231 972 3296 comis.

202 3318 348 3386 sDesine
370 3321 451 3406 iam,
474 3320 611 3406 Lalage,
635 3321 747 3386 tristes
771 3342 887 3385 ornare
911 3319 1060 3406 capillos,

274 3407 404 3496 Tangat
427 3415 460 3476 et
482 3411 633 3476 insanum
655 3409 747 3474 nulla
769 3410 877 3494 puella
901 3411 1007 3494 caput.

228 3495 301 3563 Hoc
324 3499 530 3565 salamandra
552 3503 645 3565 notet
667 3499 720 3563 rel
744 3520 842 3564 saeva
863 3496 1023 3562 novacula
1045 3495 1158 3580 nudet,
1197 3493 1198 3496 ’
1298 3517 1299 3572 i

273 3583 320 3652 Ut
344 3587 444 3674 digua
467 3588 599 3674 speculo
622 3587 681 3652 fiat
704 3587 814 3674 imago
837 3591 905 3651 tuo.
