2596 4034
184 153 252 220 240
513 153 551 210 Μ.
569 153 653 210 VAL.
671 151 871 208 MARTIALIS

187 333 218 382 1⁶
228 315 274 382 Et
298 338 379 403 quae
402 338 469 382 non
492 322 609 404 egeant
632 315 717 382 ferro
741 315 913 382 structoris
937 313 1068 398 ofellae,

215 435 221 444 ·
274 405 321 470 Et
343 405 422 471 faba
444 405 611 472 fabrorum
635 405 877 490 prototomique
901 404 1012 489 rudes3

228 493 343 560 Pullus
368 493 408 559 ad
431 493 512 560 haec
536 494 686 578 cenisque
704 492 811 558 tribus
829 493 896 558 iam
915 515 1017 580 perna
1036 495 1201 579 superstes
1289 573 1292 580 1

275 583 432 648 Addetur.
469 581 596 648 Saturis
619 581 712 648 mitia
734 603 833 666 poma
857 581 956 666 dabo,

230 670 280 736 De
303 669 512 738 Nomentana
534 673 645 736 vinum
669 671 737 735 sine
760 669 849 736 faece
872 671 1004 756 lagona,

98 793 126 797 „
186 775 221 824 ao
277 758 367 837 Quae
390 760 442 826 bis
465 759 624 826 Frontino
647 759 779 824 consule
801 758 901 824 trima
923 759 995 824 fuit.
1093 795 1094 798 ¹

230 847 395 913 Accedent
419 849 488 914 sine
511 849 587 914 felle
610 848 674 914 ioci
697 868 755 912 nec
779 869 874 913 mane
898 847 1043 914 timenda

274 936 425 1002 Libertas
449 941 482 1003 et
505 939 552 1002 nil
576 937 663 1023 quod
685 937 825 1004 tacuisse
848 937 943 1001 velis:

230 1023 280 1090 De
303 1026 435 1111 prasino
460 1026 597 1092 conviva
620 1047 711 1091 meus
734 1029 914 1110 venetoque
937 1025 1105 1112 loquatur,

274 1111 344 1178 Nee
366 1113 489 1180 facient
512 1113 707 1200 quemquam
730 1114 847 1199 pocula
868 1117 982 1180 nostra
1004 1137 1104 1180 reum.

637 1271 751 1340 XLIX,

231 1377 313 1446 Cum
336 1383 431 1465 potes
455 1379 693 1464 amethystinos
716 1381 852 1448 trientes

230 1466 277 1533 Et
299 1467 394 1552 nigro
418 1469 549 1534 madeas
573 1467 757 1552 Opimian0‚

142 1579 148 1589 ·
230 1555 392 1642 Propinas
415 1556 512 1623 modo
536 1557 699 1623 conditum
723 1555 881 1622 Sabinum

230 1645 277 1710 Et
300 1645 381 1710 dieis
404 1645 498 1730 mihi,
522 1643 621 1712 Cotta
643 1644 722 1729 „Vis
745 1647 781 1710 in
804 1645 925 1712 aur0?“

206 1731 412 1820 oQuisquam
434 1734 589 1819 plumbea
611 1733 695 1800 rina
710 1733 782 1800 vult
805 1735 839 1798 in
862 1735 964 1802 auro?

676 1892 713 1959 L.

233 1998 377 2084 Frangat
398 1999 569 2064 Idumaeas
592 1998 697 2064 tristis
721 1999 870 2066 Victoria
892 2001 1032 2085 palmas,

276 2087 415 2172 Plange,
438 2087 557 2165 Feror,
580 2109 678 2153 saeva
700 2092 833 2172 pectora
856 2089 942 2154 nuda
964 2112 1077 2175 manu3
1127 2103 1128 2108 ’

232 2175 339 2242 Mutet
362 2176 479 2242 Houor
501 2177 622 2258 cultus,
645 2180 679 2240 et
701 2175 819 2260 iniquis
845 2199 979 2244 munera
1002 2178 1144 2244 flammis

276 2263 372 2330 Mitte
396 2268 580 2346 coronatae,
604 2263 716 2330 Gloria
740 2269 879 2350 maesta,
902 2288 1022 2334 comas.

207 2352 305 2418 oHeu
327 2351 465 2418 facinus!
490 2354 597 2438 prima
619 2353 804 2437 fraudatae,
827 2351 960 2441 Scorpo,
984 2355 1117 2422 iuventa

277 2440 403 2508 Occidis
426 2445 460 2506 ct
481 2438 595 2528 nigros
619 2448 687 2506 tam
711 2442 776 2508 cito
799 2442 908 2529 iungis
932 2465 1041 2528 equos.

232 2527 389 2596 Curribus
412 2531 470 2610 illa
491 2532 557 2595 tuis
581 2551 709 2616 semper
731 2537 906 2616 properata
929 2533 1100 2618 brevisque

278 2617 344 2685 Our
367 2618 431 2684 fuit
455 2622 488 2684 et
510 2619 597 2684 uitae
620 2621 689 2684 tam
713 2642 814 2706 prope
838 2625 925 2686 meta
948 2622 1045 2687 tuae?

530 2863 531 2866 Ἴ
666 2775 720 2842 LI.

233 2881 347 2950 Sidera
370 2883 437 2949 iam
461 2882 579 2968 Tyrius
603 2881 736 2949 Phrixei
758 2884 892 2970 respicit
915 2886 993 2971 agni
1050 2961 1051 2964 Ἴ

276 2971 416 3052 Taurea,
441 2977 474 3038 et
497 2971 661 3037 alternum
684 2971 825 3039 Castora
846 2973 933 3059 fugit
955 2974 1072 3062 hiems3

231 3060 330 3126 Ridet
354 3082 446 3147 ager,
468 3062 607 3126 vestitur
630 3061 763 3146 numae,
785 3063 925 3128 vestitur
948 3068 980 3128 et
1003 3065 1114 3148 arbor,

275 3149 451 3215 Ismarium
474 3151 589 3234 paelex
612 3149 724 3216 Attica
747 3151 856 3236 plorat
878 3151 963 3235 Ityn.
1058 3207 1059 3210 ,

206 3237 334 3323 cQuos,
357 3237 526 3322 Faustino,
550 3239 632 3322 dies,
656 3240 767 3324 quales
791 3241 853 3307 tibi
877 3241 982 3306 Roma
1005 3263 1149 3308 recessus

276 3327 439 3393 Abstulit!
464 3350 484 3393 0
508 3330 606 3412 soles,
630 3351 649 3394 o
673 3330 820 3395 tunicata
843 3330 948 3416 quies!

232 3413 411 3501 Ouemus,
435 3438 455 3481 o
477 3417 584 3482 fontes
610 3418 813 3503 solidumque
837 3419 999 3484 madentis
1022 3419 1164 3486 harenae

276 3503 371 3569 Litus
395 3508 428 3570 et
452 3505 620 3590 aequoreis
645 3508 832 3593 splendidus
855 3508 970 3574 Anxur
994 3509 1100 3594 aquis,
