2596 4034
180 187 251 254 v222
514 187 552 244 n.
573 161 870 244 ammanitis
998 207 999 210 κ

230 343 386 418 Frontem
411 351 564 416 sutilibus
587 350 684 416 ruber
707 349 848 437 coronis3

230 437 283 506 Sic
306 440 363 506 uni
385 440 448 506 tibi
471 441 514 504 sit
537 461 617 526 puer
640 437 791 506 cinaedus

229 529 274 595 Et
296 529 480 594 castissima
503 529 628 612 pruriat
651 527 772 612 puella:

230 617 390 684 Infamem
412 617 514 682 nimio
538 618 645 683 calore
669 614 801 702 Cypron

188 725 221 773 ιο
231 705 407 789 ObserveS,
430 726 545 770 moneo
568 726 757 789 precorque,
781 702 910 790 Flacca,

230 794 352 861 Messes
376 817 452 860 area
474 816 548 860 cnm
570 797 656 860 teret
679 796 849 878 crepantes

229 884 275 953 Et
297 883 425 948 fervens
449 882 527 948 iuba
550 883 672 948 saeviet
694 883 809 948 leonis.

230 971 277 1038 At
300 975 351 1055 tu,
374 971 448 1038 diva
470 970 590 1056 Paphi,
613 972 742 1037 remitte
764 969 887 1038 nostris

229 1060 383 1127 Illaesmn
406 1063 555 1126 iuvenem
578 1061 708 1126 remitte
730 1059 831 1126 votis:

188 1165 220 1216 15
232 1148 284 1218 Sic
306 1149 423 1216 Martis
448 1151 509 1214 tibi
533 1149 677 1215 serviant
699 1148 866 1214 Kalendae
969 1213 971 1218 ,

230 1239 369 1305 Etcum
392 1242 465 1304 ture
489 1260 640 1324 meroque
664 1238 859 1324 victimaque
975 1253 976 1256 ’

230 1327 366 1393 Libetur
390 1328 452 1392 tibi
475 1327 627 1394 candidas
651 1327 692 1392 ad
715 1348 787 1392 arcs
847 1354 853 1366 *
904 1331 905 1334 ’
1065 1329 1071 1342 “

232 1415 328 1482 Secta
350 1416 493 1503 plurima
516 1416 639 1502 quadra
662 1415 701 1480 de
724 1416 886 1501 placenta.

654 1528 738 1596 XCI.

231 1618 284 1684 Ad
307 1641 420 1685 cenam
443 1620 472 1684 si
495 1640 546 1683 me
571 1618 698 1684 diversa
721 1621 852 1684 vocaret
875 1617 909 1682 in
933 1619 1021 1682 astra
1065 1638 1066 1642 ’

275 1707 362 1773 Hinc
384 1707 542 1774 invitator
566 1706 727 1790 Caesaris,
751 1707 825 1771 inde
851 1705 951 1791 Iovis,

231 1797 332 1862 Astra
355 1795 432 1862 licet
455 1797 601 1882 propius,
625 1796 754 1861 Palatia
777 1795 906 1881 longius
931 1799 1052 1874 essent,
1178 1799 1184 1828 ¹

275 1885 445 1970 Responsa
468 1885 507 1949 ad
531 1905 664 1970 superos
687 1884 767 1949 haec
789 1883 957 1949 referenda
980 1883 1105 1949 darem:

205 1973 405 2060 e„Quae1·ite
428 1974 484 2059 qui
507 1973 603 2037 ntulit
626 1973 697 2038 fieri
720 1975 856 2038 conviva
879 1971 1051 2039 Tonantis:
1139 2018 1152 2068 p

276 2062 329 2128 Me
352 2084 442 2130 meus
465 2062 501 2126 in
522 2062 618 2127 terris
643 2061 802 2147 luppiter,
825 2083 911 2144 ecce,
934 2060 1052 2127 tenet.“

644 2183 744 2252 XCII.

232 2275 321 2353 Quae
340 2275 428 2340 mala
447 2277 522 2340 sunt
542 2273 662 2348 domini
667 2325 677 2360 ,
694 2295 776 2359 qnae
796 2274 882 2340 servi
900 2273 1071 2340 commoda
1084 2277 1204 2360 nescis,

278 2362 433 2449 Condylo,
458 2365 514 2449 qui
537 2385 666 2428 servum
689 2367 720 2428 te
744 2363 847 2448 gemis
871 2385 941 2428 esse
966 2363 1029 2428 din.

232 2451 300 2518 Dat
321 2452 385 2518 tibi
408 2474 537 2518 securos
561 2451 635 2516 vilis
659 2452 837 2537 tegeticula
860 2474 1007 2538 somme,

276 2539 421 2626 Pervigil
444 2539 478 2604 in
500 2541 611 2624 pluma
635 2537 749 2624 Gaius
774 2563 859 2626 ecoe,
883 2542 976 2608 iacet.

206 2628 336 2698 5Gaius
359 2652 379 2695 a
402 2631 508 2714 prima
530 2629 762 2694 tremebundus
785 2631 855 2696 luce
880 2631 1003 2696 salutat

277 2717 341 2785 'l'ot
365 2717 526 2801 dominos,
550 2721 584 2782 at
607 2722 657 2802 tu,
681 2717 838 2804 Condyle,
861 2741 920 2786 nec
945 2717 1125 2786 dominum

232 2807 346 2896 „Quod
370 2807 481 2890 debes,
505 2806 579 2889 Gai,
598 2807 712 2872 redde“
735 2808 842 2894 inquit
859 2807 1011 2874 Phoebus
1035 2814 1068 2874 et
1090 2809 1181 2875 illinc

278 2896 469 2963 Cinnamus:
492 2896 554 2961 hoo
576 2895 669 2980 dicit,
692 2894 851 2982 Condylo,
873 2919 969 2964 nemo
993 2897 1062 2962 tibi.

232 2986 405 3051 Tortorem
429 2984 569 3050 metuis?
593 2985 739 3070 podagra
763 2987 983 3073 cheragraque
1007 2991 1136 3053 secatur

191 3093 223 3142 ro
277 3073 379 3140 Gaius
403 3077 437 3138 et
459 3073 574 3138 mallet
596 3075 730 3139 verbera
753 3075 843 3140 mille
865 3075 945 3161 pati.

233 3163 327 3242 Quod
345 3185 405 3252 nec
425 3185 519 3227 mane
539 3163 643 3227 vomis
665 3184 723 3228 nec
743 3185 897 3248 cunnum,
911 3163 1073 3250 Condyle,
1091 3166 1205 3252 lingis,

277 3251 499 3337 Nonlmavis,
522 3273 619 3338 quam
644 3256 694 3316 ter
718 3251 818 3318 Gaius
843 3276 913 3320 esse
936 3255 1035 3320 tuus?

636 3365 756 3434 XOIII.
798 3418 799 3422 ,

232 3454 360 3520 Addere
385 3453 462 3538 quid
486 3477 607 3535 cessas,
631 3479 725 3540 puer,
748 3457 935 3524 immortale
959 3458 1160 3526 Falernum?

230 3614 234 3622 ,
279 3543 499 3618 Quadrantem
523 3543 653 3629 duplica
676 3545 715 3610 de
739 3546 865 3612 seniore
889 3549 977 3614 cado.
