2528 4038
82 251 86 258 .
152 193 204 262 '76
320 215 323 218 ·
494 196 533 254 Μ.
550 193 632 252 Vah.
650 193 848 250 aluimus

206 353 385 424 Custodem
409 358 515 424 madio
540 356 658 425 statuit
681 379 777 444 quam
802 356 918 424 vilicus
939 356 1051 442 horto,

164 461 196 511 ιο
252 443 411 532 Opposita
435 451 561 532 spectat
585 469 682 532 quam
704 447 809 534 proba
831 447 925 532 virgo
949 467 1056 512 manu.

207 529 241 598 Si
264 533 347 600 bene
371 539 404 601 te
426 537 517 620 novi,
540 537 675 622 longum
698 535 765 602 iam
788 535 877 602 lassa
899 534 1050 601 libellum

249 621 413 710 Ponebas‚
435 627 543 692 totum
565 647 650 692 nunu
674 624 822 691 studiosa
844 623 938 712 legis.

611 765 725 832 LXIX.

208 867 327 934 Omnia
349 870 435 956 quod
459 871 573 936 scribis
596 871 695 938 castis
718 871 958 958 epigrammata
979 869 1090 936 verbis

251 955 353 1043 Inque
376 959 442 1024 tuis
466 959 557 1024 nulla
580 964 631 1026 est
654 960 801 1025 mentula
824 959 1035 1044 carminibus,

206 1043 375 1132 Admiror,
398 1047 510 1131 laud03
533 1048 616 1113 nihil
640 1053 690 1113 est
712 1053 745 1113 te
769 1049 914 1115 sanctius
936 1069 1014 1114 nuo:

250 1133 298 1200 At
320 1157 393 1201 mea
415 1136 544 1202 luxuria
567 1137 688 1224 pagina
710 1137 803 1202 nulla
826 1140 930 1204 vacat.
993 1211 994 1216 ἵ

181 1221 298 1288 oHuec
320 1223 423 1310 igitur
444 1246 585 1312 nequam
608 1225 739 1292 iuvenes
761 1225 938 1312 facilesque
960 1225 1104 1312 puellae,

253 1309 343 1378 Haec
366 1315 487 1396 senior,
510 1313 685 1400 sedquem
708 1318 840 1401 torquet
862 1315 979 1398 amica,
1002 1315 1102 1400 legat.

207 1399 255 1466 At
277 1404 349 1486 tua,
371 1399 523 1487 Cosconi,
545 1403 791 1490 venerandaque
814 1409 999 1489 sanctaque¹
1013 1403 1115 1468 uerba

250 1487 281 1554 A
303 1489 414 1575 pueris
437 1491 557 1556 debent
579 1491 824 1578 virginibusque
846 1492 922 1580 legi.
985 1521 987 1524 ’

621 1631 717 1700 LXX.

204 1735 359 1802 Moechus
383 1759 417 1802 es
441 1736 602 1824 Aufidiae,
626 1740 681 1824 qui
704 1738 766 1822 vir,
790 1737 959 1824 Scaevino,
981 1738 1086 1823 fuisti3
1151 1799 1157 1836 Ι

126 1857 128 1862 2
251 1823 378 1891 Rivalis
401 1826 509 1891 fuerat
532 1827 588 1913 qui
611 1832 701 1912 tuus,
722 1826 778 1893 ille
801 1829 852 1893 vir
875 1833 934 1894 est.

133 1961 135 1964 .
205 1911 271 1980 Our
294 1913 401 1980 aliena
424 1914 531 2000 placet
553 1915 628 2000 tibi,
651 1937 733 2002 quae
755 1919 813 1982 tua
835 1937 902 1982 non
925 1915 1047 2002 placet,
1070 1918 1185 1983 uxor?

248 2001 417 2088 Numquid
440 2024 569 2069 securus
592 2025 659 2070 non
681 2008 776 2091 potes
800 2005 965 2092 arrigere?
1111 2018 1125 2068 t

610 2143 724 2212 unxi.
749 2115 827 2196 ts

203 2249 351 2316 Mentula
374 2271 447 2315 cum
470 2249 580 2315 dolcat
602 2273 716 2337 puero,
740 2251 816 2337 tibi,
838 2209 999 2339 Naevoleq
1019 2255 1128 2338 culus,

249 2335 328 2404 Non
350 2359 423 2404 sum
447 2337 668 2424 divinasset
691 2341 758 2407 scio
781 2341 858 2428 quid
881 2343 993 2410 facias.

501 2509 503 2512 ·
600 2478 734 2546 LXXII.

167 2626 169 2630 .
204 2585 265 2650 Vis
288 2585 388 2671 futui,
409 2607 469 2652 nec
492 2585 540 2651 vis
565 2608 705 2672 mecum,
729 2585 873 2672 Saufeia,
895 2589 1009 2655 lavari.

248 2671 369 2740 Nescio
392 2673 478 2760 quod
501 2696 658 2762 magnum
683 2678 829 2762 suspicor
852 2699 923 2743 esse
945 2679 1045 2744 nefas.

204 2763 273 2828 Aut
295 2763 359 2828 tibi
382 2785 548 2847 pannosas
573 2764 754 2850 dependent
777 2769 908 2850 pectore
932 2789 1109 2853 mammae,

138 2874 139 2877 ¹
248 2851 317 2916 Aut
340 2851 448 2916 sulcos
471 2851 556 2916 uteri
578 2853 715 2938 prodere
736 2854 824 2920 nuda
845 2853 955 2940 times,
1028 2911 1030 2913 .

178 2940 273 3006 oAut
295 2939 424 3005 infinito
448 2940 591 3006 lacerum
614 2945 708 3026 patet
730 2943 851 3028 inguen
873 2943 982 3030 hiatu,

248 3027 318 3094 Aut
340 3027 464 3113 aliquid
488 3029 583 3094 cunni
604 3031 770 3114 prominet
793 3053 848 3097 ore
870 3033 928 3098 tui.

204 3115 267 3182 Sed
288 3117 372 3183 nihil
397 3121 448 3182 est
468 3116 600 3202 horum,
624 3119 731 3202 cred0,
755 3121 975 3204 pulcherrima
997 3123 1085 3189 nuda
1112 3149 1162 3196 cs.

249 3203 283 3272 Si
306 3227 419 3296 verum
442 3209 507 3290 est,
529 3207 644 3272 vitium
668 3207 760 3292 peius
783 3210 899 3277 habes:
922 3212 1014 3278 latua
1037 3234 1081 3280 es.

591 3345 739 3414 uxxnl.
769 3314 807 3404 :s

202 3454 336 3520 Dormis
360 3477 432 3520 cum
456 3454 566 3541 pueris
590 3453 820 3540 mutuniatis,·

197 3541 250 3639 Et
271 3564 339 3633 non
363 3546 431 3608 stat
454 3543 531 3628 tibi,
552 3541 698 3629 Phoebe,
721 3546 806 3630 quod
831 3549 899 3614 stat
921 3547 996 3614 illis.
