2610 4048
180 206 225 272 52
511 201 550 259 m
568 201 652 260 ιιι.
669 199 871 258 minumus

654 363 724 432 LII.

191 517 194 524 ·
225 473 329 542 Novit
352 475 479 542 loturos
503 472 624 540 Dasius
646 493 832 538 numerare:
856 473 1007 558 poposcit
1171 536 1174 541 .

178 567 182 576 ⁴
269 563 487 632 Mammosam
511 559 669 647 Spatalen
691 583 752 648 pro
775 561 894 626 tribus·
916 560 976 626 illa
998 560 1096 628 dedit.

648 699 736 769 LIII.

227 809 287 876 Vis
311 811 383 876 fieri
405 809 513 878 liber?
536 807 698 888 mentiris,
721 807 876 892 Maxime,
898 830 966 876 non
987 809 1051 876 vis:

273 897 338 964 Sed
360 899 480 965 fieri
454 921 483 964 si
506 898 570 982 vis,
591 897 654 962 hac
676 897 805 964 ratione
828 901 932 981 potes.

125 1045 129 1052 .
227 986 327 1053 Liber
350 989 429 1074 aris,
451 1007 566 1054 cenare
587 985 721 1051 foris
694 1008 736 1070 ss,
758 983 916 1070 Maxime,
938 986 1038 1071 nolis,

272 1074 457 1142 Veientana
479 1081 571 1142 tuam
594 1075 623 1140 si
646 1075 759 1140 domat
780 1096 846 1140 uva
868 1074 973 1160 sitim,

202 1161 266 1230 tSi
287 1163 392 1230 ridere
415 1170 509 1249 potes
532 1163 645 1228 miseri
667 1163 882 1248 chrysendeta
904 1161 1039 1246 Cinnae,

274 1249 456 1319 Contentus
478 1258 593 1336 nostra
616 1253 645 1318 si
667 1257 761 1337 potes
786 1273 856 1318 esse
878 1255 974 1339 toga,

232 1339 268 1406 Si
291 1341 420 1424 plebeia
441 1339 553 1406 Venus
577 1340 708 1427 gemino
731 1340 794 1406 tibi
816 1341 959 1406 vincitur
981 1362 1068 1424 asse,

276 1427 312 1494 Si
335 1433 482 1496 tuanen
504 1433 612 1494 rectus
634 1433 724 1496 tecta
747 1428 855 1494 subire
878 1433 983 1514 potes.

230 1515 321 1584 Haeo
343 1517 405 1584 tibi
428 1518 531 1583 siais
554 1521 618 1601 est,
641 1517 669 1582 si
692 1517 811 1583 mentis
835 1520 930 1582 tanta
952 1520 1116 1604 potestas,

187 1623 221 1672 ιο
275 1605 426 1672 Liberior
448 1605 573 1672 Partho
597 1605 705 1672 vivere
728 1627 806 1692 rege
828 1610 932 1691 potes.

654 1762 738 1855 LIV.

232 1870 318 1948 Quid
341 1869 380 1936 de
403 1873 450 1950 te,
472 1869 566 1954 Line,
590 1850 773 1954 suspicetur
794 1891 876 1936 uxor
999 1884 1002 1886 ’

232 1959 279 2025 Et
301 1980 366 2046 que
388 1963 481 2043 parte
503 1921 584 2024 velit
569 1959 819 2046 tpudiciorem,

232 2045 340 2114 Certis
363 2046 491 2112 indiciis
515 2049 596 2112 satis
619 2048 783 2132 probavit,

220 2133 410 2202 Custodem
433 2135 495 2200 tibi
519 2157 602 2220 quae
625 2135 714 2201 dedit
738 2136 926 2221 spadonem.

206 2223 292 2291 cNil
314 2223 462 2316 nasutius
485 2222 547 2290 hac
570 2224 818 2310 maligniusque.

665 2381 730 2448 LV.

235 2489 294 2555 Vis
318 2493 366 2573 te,
389 2487 498 2573 Sexte,
521 2489 600 2556 ooli:
623 2489 774 2555 volebam
799 2513 918 2556 amare.

234 2577 418 2644 Parendum
441 2582 491 2642 est
513 2578 589 2643 tibi:
613 2579 699 2664 quod
721 2578 828 2662 iubes,
851 2580 971 2646 colere:

236 2665 300 2732 Sed
323 2667 351 2731 si
373 2670 406 2731 te
429 2667 515 2751 colo,
539 2665 650 2753 Sexte,
671 2689 738 2733 non
762 2667 888 2733 amabo.

655 2826 741 2893 LVI.

235 2929 428 2998 Gentibus
417 2955 452 2998 m
475 2932 606 3017 Libycis
629 2955 712 2998 uxor
735 2938 805 3017 tua,
828 2931 938 3020 Galle,
962 2891 1046 3002 male
1070 2938 1162 3005 audit

279 3021 476 3088 Immodicae
499 3021 594 3086 foedo
618 3024 753 3088 erimine
777 2984 943 3089 abaritiae.
1096 3049 1098 3054 ·

236 3107 300 3175 Sed
323 3132 414 3175 mera
436 3113 613 3175 narrantur
636 3110 817 3176 mendacia:
839 3133 906 3177 non
929 3113 1013 3179 solet
1035 3113 1094 3180 illa

279 3198 436 3284 Accipere
460 3199 602 3264 omnino.
640 3198 725 3275 Quid
748 3201 833 3266 solet
857 3202 958 3288 ergo?
995 3201 1092 3268 Dare.

645 3358 748 3425 LVII.

235 3463 298 3530 Hic
322 3487 418 3549 quem
441 3465 540 3532 videt
516 3469 560 3531 tra
584 3465 749 3554 gressibus
774 3467 866 3552 vagis
890 3425 1028 3554 lentum,

239 3554 523 3638 Amethystinatus
547 3555 651 3620 media
676 3555 731 3640 qui
756 3560 844 3621 secet
868 3553 1002 3642 Saepta,
