2596 4034
168 186 241 254 172
376 136 382 144 Ι
496 175 545 246 n.
565 186 644 244 VAL
663 185 863 242 MARTIALIS

653 349 719 416 xc.
732 298 786 422 sss

220 457 550 544 lactatinaequalem
574 457 688 524 Matho
712 478 762 522 me
786 455 902 524 fecisse
925 455 1089 522 libellum:

266 544 302 613 Si
323 569 437 612 verum
460 552 524 630 est,
547 548 660 614 laudat
682 545 829 612 carmina
850 550 965 612 nostra
988 544 1113 610 Matho.

101 691 105 700 .
220 633 385 720 Aequales
409 636 523 702 scribit
546 637 649 702 libros
674 633 850 702 Cluuienus
873 639 906 700 et
929 633 1065 700 Umber:

265 723 420 809 Aequalis
443 724 527 790 liber
550 731 614 811 est,
636 722 778 809 Oretice,
802 723 859 808 qui
882 723 989 790 malus
1012 727 1071 789 est.

643 865 727 934 xcl.
757 862 791 931 t!
800 850 805 858 ⁸

220 969 272 1038 De
293 974 424 1055 nostro,
445 969 596 1058 facunde,
620 974 695 1052 tibi,
716 971 895 1057 Iuvenalis,
919 972 1027 1057 agello

267 1056 499 1126 Saturnalicias
523 1063 698 1146 mittimus,
722 1083 807 1145 ecce,
830 1081 938 1126 nuces.
1068 1125 1069 1128 ,

222 1145 339 1215 Cetera
361 1149 492 1220 lascivis
516 1150 650 1218 donavit
673 1173 772 1235 poma
794 1149 915 1234 puellis

266 1236 417 1304 Mentula
439 1239 583 1314 custodis
607 1240 776 1306 luxuriosa
799 1237 860 1304 dei.

597 1374 738 1466 fxcfl'
760 1363 813 1449 sss
854 1431 855 1434 κ

598 1449 606 1480 t
728 1450 737 1484 ⁸,
846 1467 849 1470 ·
1113 1478 1116 1484 .

222 1502 276 1590 „Si
300 1504 377 1588 qnid
400 1527 481 1591 opus
504 1505 617 1590 suerit,
641 1507 704 1572 scis
728 1527 780 1570 me
803 1528 869 1572 non
887 1528 959 1572 essa
977 1503 1185 1592 rogandum“

267 1590 342 1658 Uno
366 1593 417 1658 bis
441 1593 535 1678 dicia,
557 1593 716 1680 Baccara,
738 1599 852 1680 terque
875 1595 936 1660 die.

225 1679 382 1766 Appellat
404 1681 510 1766 rigida
533 1683 637 1748 tristis
661 1705 712 1748 me
736 1705 813 1749 voca
837 1679 1016 1750 Secundus:

267 1769 386 1854 Audis,
410 1773 443 1834 at
464 1773 583 1856 nescis,
606 1769 763 1856 Baccara,
788 1771 864 1858 quid
888 1773 933 1838 sit
956 1795 1047 1857 opus.
1172 1783 1179 1818 ¹

197 1857 343 1925 tPensio
366 1863 399 1924 te
423 1881 532 1924 coram
555 1861 678 1946 petitur
701 1861 851 1947 clareque
874 1861 1060 1947 palamque:

268 1947 388 2032 Audis,
411 1951 446 2012 ct
466 1948 587 2033 nescis,
608 1947 765 2033 Baccara,
789 1948 866 2034 quid
890 1949 934 2016 sit
953 1973 1047 2036 opus.
1136 2001 1148 2051 ,

225 2035 309 2102 Esse
332 2057 451 2122 queror
473 2036 662 2122 gelidasque
685 2037 767 2102 mihi
788 2039 949 2123 tritasque
973 2039 1137 2104 lacernas:

269 2124 389 2208 Audis,
412 2127 445 2188 ct
467 2126 585 2208 nescis,
608 2123 767 2210 Baccara,
789 2127 867 2210 quid
890 2127 935 2194 sit
957 2149 1048 2212 opus.

224 2211 297 2278 Hoc
316 2231 401 2298 upus
425 2217 489 2293 est,
512 2214 623 2280 subito
645 2215 706 2280 fias
730 2219 767 2280 nt
791 2215 894 2280 sidere
918 2223 1044 2299 mutus,

182 2319 215 2368 ιο
255 2299 385 2370 Bicera
406 2322 449 2368 nc
472 2303 594 2388 possis,
616 2301 773 2370 Baccara:
797 2301 853 2393 „Si
875 2304 953 2390 quid
976 2303 1086 2390 opus“.

630 2461 747 2528 xcrn.

193 2625 194 2628 ,
225 2565 365 2652 Narnia,
388 2568 565 2654 sulphureo
589 2591 688 2654 quam
712 2569 843 2656 gurgite
866 2569 1021 2636 candidus
1045 2571 1174 2650 amnis¹

204 2739 205 2744 η
271 2653 406 2742 Circuit,
430 2657 563 2742 ancipiti
585 2658 640 2722 vix
664 2657 811 2722 adeunda
833 2657 926 2745 iugc,
1133 2663 1135 2665 ’

226 2743 310 2821 Quid
333 2749 403 2810 tam
427 2769 523 2831 saepe
546 2769 654 2812 meum
677 2747 771 2812 nobis
796 2747 954 2812 abducere
977 2745 1136 2824 Quintum

271 2833 326 2898 Te
340 2833 432 2898 iuvat
455 2840 489 2900 et
512 2835 603 2900 lenta
626 2835 803 2900 detinuisse
827 2836 941 2900 mora?

199 2919 312 2997 rQuid
333 2921 531 2988 Nomentani
555 2947 685 2990 causam
708 2924 790 2989 mihi
813 2923 921 3008 perdis
945 2926 1057 3012 agelli,

271 3009 412 3096 Propter
434 3011 576 3078 vicinum
600 3013 655 3098 qui
677 3013 842 3098 pretiosus
867 3015 960 3078 erat?

227 3097 289 3164 Sed
312 3098 378 3163 iam
402 3122 498 3184 parce
522 3101 602 3166 mihi
624 3124 684 3167 nec
708 3102 855 3184 abutere,
878 3099 1017 3188 Narnia,
1041 3103 1177 3182 Quinto:

271 3185 434 3292 Perpetuo
458 3190 557 3256 liceat
580 3191 627 3258 sic
649 3191 714 3255 tibi
736 3194 835 3275 ponte
858 3189 932 3256 frui.
993 3242 1000 3284 ,

633 3347 749 3418 xcrv.
802 3347 833 3418 u
1001 3308 1013 3426 l

227 3453 438 3539 Unguentum
462 3458 583 3542 fuerat,
606 3457 693 3542 quod
712 3479 798 3544 onyx
817 3459 914 3526 modo
932 3433 1035 3544 parda
1054 3459 1204 3546 gerebat:
1281 3467 1282 3472 ’

272 3541 392 3610 Olfecit
414 3550 590 3630 postquam
613 3547 763 3632 Papilus,
786 3569 873 3634 ecce,
897 3569 1012 3634 garum
1037 3554 1096 3616 est.
1281 3547 1282 3554 '
