2528 4038
50 253 57 266 ’
167 237 232 304 150
385 281 387 286 -
495 233 533 290 M.
553 233 636 291 vat.
655 227 855 288 nennius

124 460 129 470 .
208 399 313 480 Quam
336 400 389 467 vel
413 398 454 466 ad
478 397 615 464 Aetolae
639 415 787 462 securam
810 391 953 480 cuspidis
976 392 1060 458 ictus
1117 430 1119 433 -

253 489 371 558 Texuit
392 485 554 554 innumeri
577 485 721 551 lubricus
744 483 863 570 unguis
887 481 972 568 apri:
1110 557 1112 560 ¹

111 617 113 620 ·
183 578 302 646 oFelix
325 580 412 643 sorte
436 580 506 660 tua,
529 596 657 642 sacrum
681 573 732 638 cui
755 575 892 657 tangere
915 577 1028 656 pectus

253 665 317 733 Fas
341 665 403 732 erit
426 668 459 730 et
481 663 589 730 nostri
612 665 720 728 mente
744 659 849 726 calere
873 657 932 724 dei.

209 755 225 822 1
248 775 355 822 comes
379 757 412 819 et
434 773 573 840 magnos
596 749 720 817 inlaesa
743 769 867 814 merere
890 747 1074 832 triumphos

252 843 485 927 Palmataeque
509 841 637 925 ducem,
661 837 718 906 sed
740 837 820 922 cito,
843 835 940 902 redde
963 839 1070 924 togae.
1101 861 1102 864 ¹

642 979 702 1047 111.

91 1083 93 1087 ’
209 1089 275 1160 (iur
296 1111 364 1158 non
385 1089 482 1156 mitto
505 1109 596 1154 meos
619 1087 694 1170 tibi,
717 1085 916 1170 Pontiliane‚
940 1083 1091 1150 libellos?
1128 1043 1132 1052 ·

254 1179 305 1247 Ne
328 1179 410 1246 rnihi
432 1182 469 1245 tu
490 1178 618 1264 mittas,
640 1174 839 1259 Pontiliane,
862 1177 950 1241 tuos·

644 1316 701 1386 IV.

210 1425 321 1509 Esset,
344 1424 701 1510 castrice,oum'n1ali
724 1422 859 1508 coloris,

208 1511 333 1580 Versus
355 1515 495 1580 scribere
519 1513 627 1600 eoepit
650 1511 827 1598 Oppianus.
961 1553 962 1556 =

652 1650 694 1720 V.

211 1759 246 1827 Si
269 1759 476 1845 desiderium,
499 1757 632 1845 Caesar,
654 1759 830 1847 populique
853 1761 1049 1844 patrumque

254 1848 403 1934 Respicis
426 1855 460 1914 et
482 1847 596 1914 Latiae
620 1847 738 1934 gaudia
760 1869 838 1913 vera
860 1851 973 1934 togae,
1050 1918 1054 1925 ⁸

211 1935 320 2003 Redde
345 1937 441 2003 deum
462 1938 549 2003 votis
573 1936 792 2022 poscentibus.
828 1933 957 2000 Invidet
980 1935 1069 2001 hosti
1104 1947 1108 1950 ’

256 2025 361 2093 Rome
384 2048 456 2110 suo,
478 2025 589 2090 veniat
610 2026 724 2090 laurea
747 2023 851 2088 multa
874 2022 965 2088 lieet:

185 2115 386 2182 oTerrarum
408 2113 575 2180 dominum
598 2113 731 2197 propius
753 2111 843 2177 videt
865 2111 936 2196 ille,
958 2115 1081 2198 tuoque

228 2220 235 2230 '
256 2203 409 2270 Terretur
433 2202 525 2268 vultu
548 2201 707 2266 barbarus
731 2203 764 2265 et
786 2199 916 2266 fruitur.

644 2341 702 2408 VI.

210 2449 337 2536 Ecquid
359 2447 580 2535 Hyperboreis
603 2448 644 2513 ad
666 2471 726 2514 nos
750 2469 925 2516 conversus
950 2449 991 2515 ab
1016 2448 1081 2516 oris

257 2540 420 2604 Ausonias
443 2535 564 2604 Caesar
587 2537 653 2602 iam
675 2541 771 2624 parat
794 2539 842 2602 ire
865 2539 958 2604 vias?
1076 2539 1077 2542 ’

132 2709 134 2716 Ι
212 2624 328 2694 Certus
352 2627 445 2692 abest
468 2629 594 2710 auctor,
617 2627 673 2690 sed
696 2649 758 2691 vox
782 2626 844 2693 hoc
866 2627 997 2692 nuntiat
1020 2628 1140 2693 omnis:
1180 2621 1184 2632 '

255 2713 359 2781 Credo
383 2714 457 2797 tibi,
479 2737 592 2780 verum
614 2713 731 2799 dicere,
754 2713 870 2801 Fama,
894 2717 987 2781 soles.
1054 2779 1056 2783 ,
1129 2776 1133 2781 .
1253 2735 1254 2738 ’

185 2803 348 2891 tPublica
372 2803 519 2868 victrices
543 2805 707 2870 testantur
730 2805 849 2890 gaudia
872 2804 1019 2887 chartae,
1172 2820 1174 2822 ·

138 2903 139 2906 ’
255 2891 373 2957 Martia
395 2891 559 2975 laurigera
582 2893 714 2977 cuspide
737 2894 805 2978 pila
828 2893 943 2958 virent.
1098 2893 1116 2902 ”

211 2980 350 3063 Rursus,
373 2979 419 3063 io,
443 3001 580 3065 magnos
604 2981 726 3047 elamat
749 2982 812 3046 tibi
835 2981 941 3046 Roma
963 2980 1149 3068 triumphos

255 3068 486 3152 Invlcrusque
509 3073 580 3150 tua,
603 3067 738 3152 Cacsar,
761 3072 796 3134 in
818 3068 898 3135 urbe
923 3091 1028 3134 sonas.

213 3156 276 3223 Sed
300 3155 365 3222 iam
387 3156 534 3221 laetitiae
559 3179 621 3242 quo
646 3159 690 3224 sit
712 3159 831 3224 fiducia
854 3159 972 3242 maior,

169 3261 202 3311 ιο
257 3242 454 3310 Sarmaticae
477 3245 587 3310 laurus
609 3247 744 3314 nuntius
768 3248 838 3334 ipse
862 3247 943 3313 veni.

636 3387 710 3453 VII.

211 3487 358 3554 Hiberna
381 3491 529 3574 quamvis
552 3491 671 3560 Arctos
697 3497 729 3558 et
753 3494 842 3558 rudis
866 3493 970 3561 Peuce

211 3575 261 3640 Et·
279 3577 476 3663 ungularum
500 3581 647 3665 pulsibus
672 3583 781 3648 calens
805 3581 918 3648 Hister
949 3577 950 3580 '
