2528 4038
140 221 185 288 82
242 307 246 312 Ι
469 221 508 278 u.
525 219 609 280 vsu
627 217 848 277 uisurus·

185 382 248 452 Ore
270 384 364 472 legor
386 384 492 450 multo
514 389 692 470 notumque
709 405 774 536 Fer
797 382 917 470 oppida
939 404 1060 450 nomen

178 497 181 504 ’
228 471 306 540 Non
329 476 501 564 expectato
524 472 582 539 det
605 471 686 540 mihi
724 494 798 539 ema
820 494 913 560 rogo.

184 561 249 630 Est
272 567 306 628 et
327 561 362 626 in
383 559 447 628 hoc
470 561 607 647 aliquid:
629 559 713 626 vidit
735 583 786 626 me
809 559 916 626 Rome
937 559 1108 627 tribunum

144 666 177 718 ιο
230 650 277 717 Et
301 649 396 716 sedeo
420 654 540 734 quate
564 649 702 717 suscitet
724 647 881 717 Oceanus.

186 737 273 816 Quot
295 737 377 803 mihi
400 735 560 805 Caesareo
582 738 663 805 iacti
686 742 763 804 sunt
786 759 918 804 munere
941 738 1042 822 cives,

230 825 301 894 Nec
322 826 465 892 famulos
489 826 626 894 totidem
650 827 796 912 suspicor
819 847 889 917 esse
911 825 983 892 tibi

186 913 250 984 Sed
271 914 466 1002 predicaris,
490 914 546 980 sed
569 915 717 1002 pulchre,
739 913 897 998 Naerole,
921 936 1023 982 ceres.

230 1002 391 1070 Iamiam
414 1007 452 1070 tu
474 1002 566 1089 prior
589 1026 637 1089 es,
660 1003 820 1090 Neerole,
843 1003 960 1070 vincisz
983 1002 1077 1070 bere.

486 1227 488 1232 ,
511 1208 514 1213 -
568 1144 708 1230 'xcvi

186 1265 316 1356 Lingis,
337 1291 406 1338 non
427 1269 530 1336 futuis
553 1289 660 1336 meam
683 1268 827 1356 puellam

187 1355 232 1423 Et
255 1359 361 1445 gerris
385 1359 479 1444 qussi
501 1357 657 1424 moechus
681 1362 715 1424 et
735 1357 873 1424 fututor.

187 1443 222 1510 Si
243 1449 277 1512 te
299 1446 473 1532 prendere,
496 1445 639 1534 Gargili,
661 1446 794 1513 tacebis.
844 1499 846 1506 i

584 1602 717 1672 xcvfl.

187 1709 239 1778 Ne
261 1711 354 1799 leget
375 1711 462 1778 bunc
481 1709 619 1796 Chione,
642 1711 762 1777 mendo
785 1709 861 1798 tibi,
880 1709 979 1798 Rufe,
1000 1711 1163 1779 libellum.

232 1797 383 1892 Carmine
405 1800 496 1868 laese
519 1821 592 1866 meo
617 1804 681 1880 est,
704 1799 832 1866 laedere
856 1804 890 1866 et
911 1799 971 1866 ille
994 1804 1114 1888 potest.
1137 1821 1143 1856 r
1207 1888 1217 1900 .

445 1995 449 2002 -
575 1955 724 2025 xcvm.
783 1919 786 1925 ’

189 2062 240 2132 Sit
262 2065 354 2132 culus
377 2063 439 2130 tibi
462 2086 559 2150 quam
582 2085 704 2149 macer,
726 2063 888 2150 requiris?

189 2152 361 2221 Peedicere
384 2155 492 2239 potes,
514 2149 656 2238 Sabelle,
679 2151 762 2219 culo.

587 2307 709 2378 xum

188 2415 290 2486 Irasci
311 2420 427 2484 nostro
449 2439 516 2483 non
539 2416 650 2500 debes,
672 2417 782 2503 cerdo,
804 2414 926 2485 libello.

233 2505 299 2572 Ars
323 2509 393 2592 tue,
416 2527 483 2572 nou
505 2506 575 2572 rita
598 2510 648 2571 est
671 2506 811 2572 carmine
834 2507 923 2572 laese
946 2530 1027 2574 meo.

188 2594 267 2662 Non
288 2615 411 2661 nocuos
435 2595 588 2679 permitte
612 2593 707 2660 seles.
743 2593 809 2661 Cur
832 2595 943 2663 ludere
966 2597 1061 2663 nobis

233 2682 310 2749 Non
333 2683 445 2768 liceat,
468 2683 561 2749 licuit
584 2682 613 2748 si
635 2683 784 2770 iugulare
806 2684 891 2750 tibi?

635 2839 669 2910 0.

191 2948 365 3017 Cursorem
389 2951 479 3013 sexta
502 2947 576 3032 tibi,
599 2947 696 3033 Rufe,
718 2948 902 3015 remisimus
925 2949 1019 3036 hore,

235 3037 389 3105 Carmina
413 3059 508 3121 quem
532 3036 697 3103 madidum
719 3041 834 3118 nostre
856 3039 972 3104 tulisse
995 3061 1083 3106 reor:

189 3126 354 3194 Imbribus
378 3125 559 3190 immodicis
583 3127 707 3192 eaelum
731 3148 806 3192 num
829 3125 916 3192 forte
940 3127 1069 3194 ruebat

235 3213 430 3311 Nonfeliter
452 3214 540 3280 mitti
563 3213 676 3280 debuit
698 3216 761 3280 iste
784 3213 877 3282 liber.

1028 2001 1035 2012 ’
1101 2038 1113 2089 r

570 3419 731 3432 ——n
