2528 4038
168 187 213 256 80
495 184 536 242 u.
553 182 637 250 usn.
656 179 857 240 nsunmms
913 151 915 156 ’

579 343 774 414 LXXXVII.

211 445 336 514 Narrat
357 449 406 532 te,
428 443 567 530 Chione,
589 465 702 510 rumor
724 463 891 529 nunquam
914 463 986 508 esse
1009 441 1159 508 fututam

257 537 366 620 Atque
388 533 473 600 nihil
496 555 601 600 cunno
625 531 739 619 purius
762 553 833 598 esse
855 536 923 598 tuo.
1249 609 1250 626 χ

213 623 315 690 Tecta
337 628 449 689 tumen
471 643 539 687 non
562 621 637 707 huo,
660 643 724 707 quu
746 619 861 705 debes,‘
881 625 975 706 parte
999 617 1142 685 laveris:
1250 630 1251 652 ³

258 711 293 780 Si
316 712 422 798 pudor
444 715 509 795 est,
529 709 673 778 transfer
696 709 844 796 subligar
866 709 902 774 iu
924 707 1052 774 iscium.

568 849 779 918 LXXXVIII.
905 915 906 920 ,

213 949 296 1018 Sunt
319 949 442 1036 gemini
464 947 598 1034 fratres,
621 949 750 1014 diversa
773 949 829 1014 sed
851 947 990 1035 inguina
1012 947 1159 1034 lingunt.
1185 1003 1189 1011 .

257 1037 378 1126 Dicite,
401 1038 576 1105 dissimiles
600 1041 677 1103 suut
700 1037 821 1124 magis,
843 1059 886 1104 sn
908 1036 1056 1102 similes?

584 1176 761 1243 LXXXIX.

213 1275 315 1344 Utere
337 1276 473 1343 lactucis
497 1279 531 1340 et
554 1275 710 1340 mollibus
733 1279 824 1342 utere
847 1275 978 1342 malvis:

82 1422 86 1432 .
204 1405 206 1411 ·
257 1362 345 1430 Nam
366 1364 485 1432 faciem
508 1363 639 1449 durum,
661 1362 807 1451 Phoebe,
830 1363 972 1431 cacantis
994 1363 1108 1432 habes.

646 1503 713 1572 XO.

213 1600 309 1684 Vult,
327 1624 394 1668 non
413 1603 485 1668 vult
502 1605 580 1668 dare
599 1600 696 1668 Galla
718 1601 811 1688 mihi,
831 1623 890 1670 uec
909 1603 1015 1670 dicere
1038 1624 1186 1691 possum,

258 1689 352 1768 Quod
375 1691 447 1758 vult
470 1695 504 1757 et
525 1711 592 1757 non
613 1690 699 1776 uult,
722 1691 800 1776 quid
823 1691 887 1757 sibi
910 1690 1008 1758 Galle
1030 1693 1117 1759 velit
1252 1727 1255 1730 ·

634 1819 719 1888 xol.

215 1917 297 1986 Cum
321 1923 449 2007 peteret
470 1919 596 2008 patriae
620 1919 782 1986 missicius
806 1941 885 1986 arra
907 1919 1095 2005 Ravennae,

259 2005 419 2076 Semiviro
443 2007 581 2094 Cybeles
605 2031 678 2074 cum
701 2029 801 2095 grege
825 2009 930 2074 iunxit
953 2009 1026 2076 iter.

214 2095 300 2166 Huic
323 2118 432 2164 comes
455 2098 613 2164 haerebat
636 2097 759 2164 domini
780 2096 940 2184 fugitivus
962 2097 1112 2164 Achillas

258 2183 403 2271 Insignis
425 2185 533 2252 forma
555 2185 764 2272 nequItiuque
786 2207 876 2272 puer.

188 2270 286 2341 siloc
309 2275 438 2340 steriles
462 2297 590 2340 sensere
613 2275 689 2340 viri:
713 2295 778 2358 qua
800 2278 895 2360 purte
917 2274 1052 2340 cubaret

260 2359 437 2438 Quaerunt.
479 2361 541 2430 Sed
563 2365 682 2429 tacitos
706 2362 808 2428 sensit
830 2368 864 2429 et
886 2363 943 2427 ille
967 2361 1073 2430 dolus:

215 2449 385 2537 Mentitur,
408 2450 552 2519 credunt.
593 2449 707 2518 Somni
728 2455 805 2536 post
828 2452 904 2516 rina
926 2455 1096 2536 petuntur:

262 2538 426 2607 Continuo
449 2541 572 2606 ferrum
595 2539 693 2606 noxia
715 2537 814 2604 turba
836 2539 924 2625 rapit
1152 2553 1154 2558 ’

203 2626 442 2714 'Exciduntque
466 2651 589 2714 senem,
613 2628 756 2714 spondae
780 2627 836 2712 qui
859 2632 951 2714 parte
974 2629 1114 2714 iucebst3

174 2731 207 2780 lu
261 2713 410 2800 Namque
434 2739 514 2802 puer
535 2718 647 2802 pluteo
670 2715 796 2782 vindice
818 2718 910 2782 tutus
933 2721 1013 2782 erat.

217 2800 425 2888 suppositam
450 2805 614 2890 quondam
636 2805 725 2871 famu
748 2807 798 2869 est
815 2827 875 2890 pro
895 2805 1022 2892 uirgine
1043 2828 1181 2888 cervum,

261 2893 307 2955 At
328 2913 414 2958 nune
436 2914 495 2978 pro
519 2915 615 2959 cervo
639 2892 784 2959 mentula
807 2893 978 2980 supposita
1001 2900 1061 2960 est.

627 3023 728 3092 x011.

217 3113 264 3181 Ut
285 3117 393 3202 patiar
415 3119 599 3206 moechum,
622 3126 720 3207 rogat
742 3143 836 3208 uxor,
859 3121 967 3208 Galle,
991 3123 1048 3190 sed
1078 3145 1180 3191 unum.
1256 3109 1257 3120 ἵ

261 3203 345 3271 Huic
369 3227 430 3293 ego
453 3229 518 3273 non
541 3210 654 3275 oeulos
677 3231 769 3294 eruo,
793 3209 900 3298 Galle,
924 3211 1027 3278 duos?

619 3340 736 3409 XCIII.

219 3429 297 3496 Cum
323 3433 383 3499 tibi
407 3436 545 3502 trecenti
568 3439 731 3524 consules,
754 3439 945 3527 Vetustilla3

219 3516 262 3582 Et
285 3523 352 3585 tres
375 3525 484 3608 capilli
508 3529 727 3613 quattuorque
750 3530 816 3596 sint
839 3533 966 3618 dentes,
