2596 4032
397 181 697 240 urruurnnnron
717 181 785 240 niu.
804 183 850 238 m
1069 186 1135 254 279

389 339 391 344 ’
517 334 522 341 ’
568 343 683 415 XCVI.

160 446 296 532 Mareia,
309 444 538 532 uonRhenus,
559 445 635 510 salit
653 442 720 528 hic,
735 441 910 510 Germane:
931 445 1008 530 quid
1023 446 1135 515 obstas

205 537 251 602 Et
273 559 408 620 puerum
432 533 587 622 prohibes
612 531 723 598 divitis
747 532 851 600 imbre
875 533 988 601 lacus?
1102 565 1103 568 ¹

162 622 320 710 Barbare,
343 647 408 691 uon
432 626 543 710 debet,
567 623 720 689 submoto
744 621 826 707 cive,
850 621 1000 691 ministro

207 711 377 799 Captivam
401 715 520 780 victrix
543 712 629 778 unda
653 711 763 780 levare
787 711 881 782 sitim

562 841 693 912 XCVIL

160 937 236 1006 Una
259 945 354 1008 nocte
378 946 493 1028 quater
517 963 665 1029 pessum:
689 941 743 1007 sed
769 944 925 1026 quattuor
948 944 1040 1010 aunis

207 1027 241 1094 Si
263 1053 412 1119 pessum,
436 1053 580 1118 peream,
603 1035 637 1096 te
661 1029 818 1134 Telesilla
841 1032 952 1098 semel.
1044 1042 1048 1050 '

535 1161 701 1229 novur.
721 1137 729 1212 ’-

161 1259 316 1346 Effugere
338 1264 490 1345 nonest,
514 1257 643 1346 Flacca,
666 1261 859 1328 basiatores.

160 1347 306 1434 Instant,
330 1353 513 1432 morantur,
536 1353 762 1434 persecuntur,
787 1353 973 1436 occurrunt,

157 1435 205 1502 Et
227 1438 303 1504 hino
327 1441 359 1502 et
383 1438 485 1523 illine,
508 1459 752 1524 usquequaque,
776 1461 974 1525 quacunque.

158 1525 235 1590 Non
259 1526 351 1591 uleus
376 1548 449 1592 aere
473 1529 662 1612 pustulaeve
686 1527 843 1613 lucentes,

131 1613 228 1679 sNee
251 1616 346 1680 triste
369 1619 515 1682 mentum
539 1615 724 1702 sordidique
749 1615 906 1702 lichenes,

159 1701 229 1768 Nec
252 1704 345 1768 labra
368 1705 482 1789 pingui
506 1704 652 1770 delibuta
675 1708 797 1789 cerate,

160 1789 229 1857 Nee
253 1793 415 1876 congelati
438 1796 534 1878 gutta
556 1793 703 1878 proderit
723 1795 807 1859 nasi.

159 1879 205 1945 Et
229 1884 434 1946 aestuantem
458 1881 590 1946 basiant
613 1885 647 1947 et
670 1881 847 1968 algentem,

143 1967 204 2032 Et
226 1969 373 2053 nuptiale
396 1969 780 2043 basiumreservantem.

113 2073 149 2122 10
159 2055 234 2122 Non
257 2061 290 2122 te
314 2057 451 2124 cucullis
475 2063 599 2124 asseret
623 2062 721 2144 caput
744 2063 876 2145 tectum,
988 2077 991 2082 ’

159 2144 291 2212 Lectica
312 2168 372 2212 nec
395 2149 427 2211 te
451 2151 524 2212 tuta
547 2149 632 2232 pelle
656 2147 805 2233 veloque,
935 2171 936 2174 ¹

157 2233 228 2300 Nee
251 2234 431 2300 vindicabit
454 2235 535 2302 sella
559 2237 689 2321 saepius
713 2237 817 2302 elusa:

158 2323 272 2388 Rimas
295 2345 353 2408 per
376 2346 488 2390 omnes
512 2325 659 2390 basiator
682 2326 829 2398 intrabit.

159 2412 234 2478 Non
259 2413 554 2498 consulatusipse,
577 2435 643 2480 non
666 2413 853 2480 tribunatus

113 2516 148 2565 rs
160 2498 276 2566 Senive
300 2501 418 2582 fasces,
441 2523 501 2568 nee
525 2503 665 2587 superba
688 2502 825 2568 clamosi

157 2589 298 2655 Lictoris
321 2589 435 2676 abiget
456 2593 550 2676 virga
572 2590 786 2656 basiatorem:
889 2601 891 2606 '

158 2676 278 2744 Sedeas
301 2678 336 2742 in
360 2681 429 2745 alto
453 2683 490 2744 tu
514 2679 590 2744 licet
613 2679 772 2744 tribunali
919 2747 922 2751 ,

156 2766 203 2833 Et
227 2788 244 2832 e
268 2767 373 2832 curuli
396 2769 468 2834 iure
492 2768 644 2854 gentibus
668 2767 796 2852 reddas,
913 2786 916 2791 ·
1017 2804 1023 2815 ·
1049 2821 1056 2832 .

41 2852 45 2858 ’
159 2856 324 2922 Ascendet
346 2857 405 2922 illa
427 2857 575 2922 basiator
598 2861 694 2942 atque
717 2857 786 2923 illa.
890 2861 891 2866 ’

110 2960 147 3010 20
158 2943 421 3017 Febricitantem
436 2945 579 3012 basiabit
602 2949 636 3010 et
658 2945 804 3030 flentem,

156 3033 260 3108 Dabit
284 3035 439 3102 oscitanti
461 3034 588 3100 basium
612 3035 817 3120 nutantique,
949 3086 950 3090 ,

2 3189 3 3194 ,
144 3121 260 3194 ,Dabit
284 3127 317 3188 et
340 3123 476 3189 uocanti.
513 3123 705 3188 Remedium
727 3123 805 3188 mali
830 3123 935 3190 solnm
959 3127 1024 3208 est,

41 3247 43 3250 v
156 3209 272 3313 Facias
297 3213 438 3278 amicum
461 3211 590 3277 basiare
614 3233 710 3298 quem
732 3213 827 3278 nolis.
911 3269 912 3272 ,

567 3344 684 3420 XCIX.

155 3439 206 3516 De
226 3451 383 3518 cathedra
402 3453 554 3538 quotiens
575 3451 683 3539 surgis
701 3487 737 3498 -·
755 3451 821 3516 iam
842 3473 938 3538 saepe
960 3450 1074 3518 notari
1088 3487 1131 3499 -

179 3539 379 3608 ,Paedicaut
401 3543 552 3628 miserae,
576 3539 707 3621 Lesbia,
730 3543 763 3605 te
786 3541 921 3609 tunicae.
