2528 4038
347 223 648 282 nelounuunuou
666 223 735 280 LlB.
753 223 801 282 VI.

128 383 190 454 Hoc
211 387 247 454 de
269 385 405 474 palmite
429 388 565 456 laeseris
588 409 750 470 racemos,

81 491 116 539 ro
127 473 286 561 Nascetur,
309 477 387 542 licet
410 477 472 544 hoc
496 479 576 543 velis
600 499 735 566 negare,

125 562 240 632 Inserta
261 567 324 634 tibi
347 568 427 634 ficus
451 589 471 634 a
493 589 657 654 cupressu

560 727 597 796 L.

123 830 197 898 Cum
219 834 342 900 coleret
364 855 463 920 puros
487 857 612 922 pauper
634 834 804 901 Telesinus
828 835 965 922 amicos,
1003 832 1011 914 l

163 922 302 988 Errabat
325 923 434 1010 gelida
457 925 607 990 sordidus
629 925 664 990 in
686 924 814 1010 togula:
1000 923 1008 1042 ,l
1125 976 1127 981 .

122 1009 280 1078 Obscenos
306 1033 344 1078 ex
368 1033 432 1098 quo
457 1013 564 1098 coepit
587 1033 700 1079 curare
723 1013 890 1100 cinaedos,
998 1045 1004 1110 5

163 1100 354 1187 Argentum,
379 1123 520 1182 mensas,
544 1101 678 1187 praedia
701 1103 790 1168 solus
814 1103 903 1169 emit
932 1148 934 1152 ,
997 1111 1002 1188 ἰ

92 1187 176 1254 sVis
198 1191 269 1255 fieri
292 1189 396 1276 dives,
419 1189 614 1275 Bithynice?
638 1191 786 1258 conscius
810 1195 895 1257 esto:
997 1193 1002 1288 Ῑ

162 1277 215 1346 Nil
238 1278 303 1345 tibi
324 1279 376 1345 vel
400 1279 572 1346 minimum
595 1280 689 1346 basia
711 1301 794 1366 pura
817 1280 951 1347 dabunt.
997 1291 1004 1385 ¹,

551 1438 604 1506 LI.

115 1543 208 1622 Quod
231 1545 416 1612 convivaris
441 1546 510 1612 sine
534 1567 586 1612 me
609 1551 678 1612 tam
701 1569 813 1634 saepe,
836 1545 994 1635 Luperca,
1089 1598 1091 1602 .

159 1635 287 1716 Inveni,
309 1656 444 1701 noceam
468 1657 532 1720 qua
555 1636 682 1700 ratione
705 1637 776 1701 tibi.
1026 1642 1028 1644 ’

112 1722 256 1809 Irascor,
279 1723 357 1789 licet
379 1745 481 1810 usque
504 1745 600 1790 voces
624 1725 801 1809 mittasque
824 1747 994 1812 rogesque

158 1813 261 1898 „Quid
284 1811 424 1879 facies?“
446 1813 564 1898 inquis.
601 1811 685 1890 Quid
707 1814 849 1881 faciam?
874 1817 1011 1882 veniam.

547 1970 617 2037 LII.

111 2079 186 2148 Hoe
208 2080 296 2146 iacet
318 2079 353 2144 in
375 2079 504 2152 tumulo
527 2083 640 2164 raptus
664 2079 843 2164 puerilibus
867 2080 961 2146 annis

157 2169 400 2254 Pantagathus,
424 2167 548 2234 domini
572 2189 648 2233 cura
671 2167 828 2252 dolorque
852 2170 917 2254 sui,
1050 2172 1053 2178 '

112 2257 179 2324 Vix
202 2263 360 2343 tangente
383 2277 487 2344 vagos
509 2255 597 2321 ferro
621 2277 766 2322 resecare
790 2257 927 2343 capillos

156 2349 286 2414 Doctus
309 2349 342 2412 et
364 2346 509 2412 hirsutas
533 2345 712 2410 excoluisse
735 2366 846 2430 genas.

89 2433 166 2502 oSis
191 2438 283 2517 licet,
306 2439 344 2500 ut
367 2435 478 2518 debes,
501 2435 614 2518 tellus,
637 2433 767 2519 placata
789 2434 952 2521 levisque,

157 2523 306 2596 Artificis
329 2524 433 2590 levior
455 2545 522 2588 non
545 2525 638 2608 potes
663 2544 734 2587 esse
757 2543 865 2591 manu

540 2680 626 2748 LIII.

113 2789 218 2859 Lotus
241 2789 415 2858 nobiscum
437 2794 499 2874 est,
522 2788 637 2853 hilaris
662 2788 800 2874 cenavit,
824 2793 858 2855 et
880 2789 965 2856 idem

52 2955 54 2959 y
156 2880 318 2950 Inventus
341 2900 437 2944 mane
461 2882 512 2944 est
535 2882 683 2944 mortuus
706 2878 928 2965 Andragoras.

115 2965 196 3037 Tam
223 2969 354 3034 subitae
377 2969 494 3033 mortis
518 2988 664 3050 causam,
686 2964 855 3050 Faustina,
877 2965 1040 3054 requiris?

156 3057 197 3124 In
223 3058 349 3124 somnis
373 3056 532 3122 medicum
556 3055 682 3120 viderat
703 3054 950 3131 Hermocraten.

541 3213 627 3281 LIV.

116 3321 243 3394 Tantos
267 3328 301 3391 et
323 3327 434 3389 tantas
460 3323 488 3388 si
511 3321 615 3388 dicere
640 3321 867 3405 Sextilianum,

158 3415 260 3498 Aula,
283 3417 388 3495 vetes,
409 3411 524 3498 iunget
547 3413 602 3479 nix
624 3412 689 3477 tria
712 3411 813 3476 verba
836 3411 944 3478 miser.

119 3499 219 3580 „Quid
239 3501 303 3568 sibi
322 3499 436 3567 vulnu‘
454 3501 571 3587 inquis.
598 3499 727 3586 Dicam,
746 3499 821 3586 quid
842 3501 988 3586 suspicer
1007 3520 1090 3564 esse:

160 3591 286 3661 Tantos
311 3593 357 3656 et·
368 3593 479 3657 tantas
503 3589 701 3658 Sextilianus
724 3594 823 3655 amat.
