2528 4038
173 179 218 246 62
502 179 540 236 n.
559 177 864 254 muniendus

219 446 358 517 Centum
381 449 500 516 miselli
521 450 589 516 iam
612 340 720 516 mffi
744 448 959 536 quadrantes,

219 537 491 605 Anteambulonis
515 537 718 625 congiarium
740 537 835 623 lassi,

219 626 308 705 Quos
331 627 498 694 dividebat
519 629 690 694 balneator
713 629 825 694 elixus.

219 713 305 792 Quid
328 715 497 804 cogitatis,
520 739 539 782 o
562 715 667 782 fames
690 715 892 782 amicorum?

192 803 319 891 oRegis
342 803 475 890 superbi
498 806 663 891 sportulae
687 809 899 872 recesserunt.

105 899 113 909 ’
217 891 311 960 Nihil
334 893 544 980 stropharum
567 899 630 960 est:
653 895 719 960 ianr
742 895 899 960 salarium
923 890 1066 960 dandum
1090 895 1151 960 est.

209 1025 1194 1209 „ThandaQuinrusamatrddilduhardarsshardaluscaml

262 1210 371 1298 Unum
396 1213 527 1280 oculum
550 1213 651 1279 Thais
674 1236 740 1281 non
763 1213 878 1299 habet,
900 1213 956 1280 ille
979 1212 1072 1280 duos.

653 1317 722 1423 rx(

218 1455 405 1528 Versiculos
428 1461 463 1526 in
486 1483 538 1527 me
560 1464 714 1527 narratur
737 1459 878 1527 seribere
902 1457 1016 1527 Cinna.

263 1549 340 1616 Non
362 1549 489 1634 soribit,
512 1549 602 1616 ouius
626 1549 773 1616 earmina
794 1571 891 1616 nemo
912 1549 1005 1638 legit.

660 1690 701 1759 X.

219 1795 412 1882 Constituit,
433 1796 637 1882 Philomuse,
659 1800 753 1882 pater
776 1797 839 1864 tibi
863 1796 956 1863 milia
978 1795 1057 1862 bina

219 1961 238 1967 ,Ἰ
262 1884 576 1973 Menstrua-perque
599 1907 711 1952 omnes
733 1885 902 1972 praestitit
916 1885 984 1950 illa
1007 1885 1093 1970 dies,
1161 1943 1163 1947 .

218 1973 394 2040 Luxuriam
418 1978 579 2059 premeret
601 1995 676 2040 eum
700 1973 844 2041 erastino
868 1995 996 2060 semper
1019 1978 1152 2062 egestas

262 2062 420 2130 navidis
444 2067 555 2130 essent
578 2063 684 2128 danda
707 2063 824 2129 diurna
846 2063 921 2128 tuis.

191 2151 308 2218 aldem
331 2156 365 2216 ts
389 2153 533 2218 moriens
556 2152 708 2217 heredem
732 2173 770 2217 ex
794 2173 867 2218 asse
890 2150 1032 2238 reliquit

261 2239 483 2306 Exheredavit
505 2245 552 2326 te,
574 2239 777 2327 Philomuse,
800 2247 903 2326 pater.

650 2381 707 2450 XL
831 2431 842 2452 .

218 2487 253 2556 Si
275 2493 334 2554 tua
355 2511 415 2556 nee
437 2489 539 2556 Thais
560 2511 621 2556 neo
642 2491 735 2556 lusca
757 2492 820 2576 est,
844 2488 978 2574 Quinte,
1000 2491 1126 2575 puella,

262 2573 329 2644 (lur
351 2577 387 2642 in
408 2581 442 2643 te
465 2579 588 2644 factum
612 2578 776 2646 distichon
800 2601 871 2646 esse
893 2577 1015 2664 putas?

217 2663 281 2732 Sed
304 2665 411 2731 simile
434 2671 485 2732 est
508 2667 644 2752 aliquid:
666 2689 727 2753 pro
750 2667 850 2733 Laide
873 2667 1000 2734 Thaida
1023 2667 1103 2734 dixi.

261 2753 323 2820 Dio
345 2754 441 2839 mihi,
465 2755 542 2840 qnid
566 2756 674 2822 simile
697 2759 749 2822 est
770 2756 872 2822 Thais
896 2759 930 2822 et
951 2753 1154 2822 Hermione?

190 2841 265 2909 oTu
288 2847 399 2908 tamen
422 2865 456 2909 es
481 2843 635 2921 Quintus:
659 2849 821 2912 mutemus
844 2866 965 2910 nomen
988 2846 1146 2912 amantis:
1243 2853 1244 2866 ¹

262 2930 385 2998 Sinon
408 2931 480 2998 vult
503 2932 656 3014 Quintus,
679 2933 807 3000 Thaida
830 2931 947 3001 Sextus
971 2939 1070 3000 amet

641 3074 715 3142 ΧΠ.

215 3179 442 3267 Unguentum,
464 3181 583 3267 fateor,
605 3183 729 3248 bonum
753 3181 872 3250 dedisti

216 3267 370 3336 Convivis
393 3271 485 3357 here,
509 3270 565 3336 sed
588 3270 671 3336 nihil
696 3271 830 3339 scidisti.

214 3358 279 3424 Res
303 3360 391 3425 salsa
414 3362 466 3426 est
489 3359 570 3426 bene
595 3359 683 3426 olere
706 3364 740 3426 et
764 3359 895 3429 esurire.

216 3445 279 3523 Qui
301 3469 368 3514 non
390 3454 487 3515 eenat
511 3453 544 3514 et
567 3449 737 3534 unguitur,
759 3447 911 3536 Fabulle,

189 3533 279 3601 aHio
301 3557 375 3602 vere
398 3537 481 3602 mihi
503 3541 651 3604 mortuus
674 3539 812 3604 videtur.
