2596 4032
381 263 680 324 EPIGRAMMATON
697 267 765 324 LIB.
784 267 857 328 xlv,
1059 270 1124 338 337
1197 323 1201 327 .
1241 322 1243 327 .

365 425 477 494 CLIV.
500 429 610 496 Lanae
632 429 863 515 amethystinae.

149 533 253 600 Ebria
276 531 430 600 Sidoniae
453 557 528 600 cum
551 536 613 601 sim
636 537 675 602 de
699 537 856 624 sanguine
880 538 1035 624 conchae,

194 620 271 690 Non
293 623 402 710 video,
426 646 525 710 qnare
549 625 661 691 sobria
683 625 758 692 lana
781 648 886 693 vocer.

503 766 614 833 Lanae
635 767 732 840 albae.

151 860 338 930 Velleribus
362 863 478 950 primis
502 863 661 950 Appulia,
685 863 804 931 Parma
827 832 976 932 secandis

194 949 340 1039 Nobilis;
363 951 516 1061 Altinum
539 953 639 1020 tertia
662 953 776 1021 laudat
799 955 879 1022 ovis.

424 1093 536 1162 CLVI.
559 1096 669 1162 Lanae
689 1096 812 1180 Tyriae.

151 1199 222 1266 Nos
245 1198 522 1268 Lacedaemoniae
545 1205 660 1288 pastor
683 1201 817 1266 donavit
840 1201 975 1268 amicae:

194 1288 348 1364 Deterior
369 1289 478 1357 Ledae
501 1313 647 1376 purpura
670 1291 784 1356 matris
808 1295 888 1358 erat.

450 1431 562 1497 Lanae
583 1431 786 1500 Pollentinae.

151 1525 229 1593 Non
251 1531 381 1593 tantum
404 1528 496 1614 pullo
520 1529 673 1617 lugentes
696 1530 816 1595 vellere
839 1529 945 1616 lanas,

196 1614 259 1682 Sed
283 1617 368 1682 solet
391 1623 425 1683 et
448 1617 566 1684 calices
589 1618 670 1684 haec
693 1617 769 1684 darc
791 1621 881 1684 terra
894 1640 989 1725 suos.

568 1759 666 1826 Idan

151 1855 242 1920 Lana
264 1855 394 1940 quidem
416 1855 537 1940 tristia,
559 1855 616 1920 sed
639 1855 742 1920 tonsis
766 1857 844 1941 apta
867 1854 1039 1942 minist-ris,

70 1992 72 1996 -
199 1943 321 2022 Quales
343 1965 410 2010 non
433 1945 540 2029 primo
564 1943 603 2008 de
626 1964 725 2030 grege
748 1965 860 2010 mensa
884 1944 972 2010 citat

340 2083 451 2152 CLIX.
476 2085 657 2151 Tomentum
679 2065 900 2151 Leuconicum

152 2181 336 2269 Oppressae
359 2183 496 2248 nimium
519 2181 627 2248 vicina
650 2187 701 2247 est
722 2182 824 2248 fascia
846 2181 999 2267 plumae?

198 2271 330 2340 Vellera
352 2271 543 2338 Leuconicis
566 2271 676 2354 accipe
700 2293 775 2336 rasa
797 2272 897 2358 sagis.

440 2412 623 2479 Tomentum
645 2411 793 2478 Circense.
812 2467 814 2471 ,

149 2519 349 2586 Tomentum
372 2520 501 2586 concisa
524 2517 618 2604 palus
638 2515 792 2583 Circense
815 2522 959 2585 vocatur.

169 2672 171 2677 .
192 2607 288 2684 Haec
309 2629 370 2696 pro
392 2607 574 2674 Leuconico
599 2607 757 2672 stramina
778 2627 902 2692 pauper
924 2607 1011 2672 emit.

490 2745 602 2816 CLXI.
625 2745 751 2814 Pluma.

102 2823 106 2831 .
151 2855 274 2922 Lassus
299 2855 478 2942 Amyclaea
501 2853 625 2941 poteris
648 2854 850 2940 requiescere
873 2853 998 2939 pluma,

196 2943 340 3012 Interior
363 2945 460 3031 cygni
484 2965 583 3031 qnam
605 2943 668 3008 tibi
691 2943 767 3009 lana
790 2942 887 3009 dedit

523 3123 524 3130 κ
543 3083 696 3150 Faenum.

150 3192 318 3260 Fraudata
341 3196 466 3260 tumeat
488 3190 616 3279 fragilis
639 3190 701 3255 tibi
724 3191 843 3257 culcita
866 3191 964 3258 mula.

197 3281 275 3350 Non
297 3283 387 3349 venit
410 3282 451 3347 ad
474 3281 572 3346 duros
595 3279 720 3366 pallida
742 3301 819 3345 cura
842 3285 941 3345 toros.

408 3419 555 3488 CLXIII.
579 3419 825 3488 Tintinabulum.

150 3509 263 3596 Redde
281 3529 399 3615 pilam:
418 3531 515 3594 sonat
533 3549 587 3594 aes
607 3528 817 3593 thermarum.
849 3526 974 3594 Ludere
992 3528 1124 3615 pergis?

196 3617 334 3707 Virgine
352 3617 406 3684 sis
431 3617 502 3684 sola
525 3617 613 3684 lotus
637 3617 726 3683 abire
750 3616 889 3683 domum.

159 3730 243 3774 Huc.
713 3773 714 3776 ,
930 3725 964 3775 22
