2596 4034
153 199 219 266 220
481 199 519 256 Μ.
538 197 621 256 Vlla.
640 195 841 254 Mlarlenrs
961 210 964 216 ·

586 345 732 426 LXXXI.

197 467 315 534 Lector
338 472 372 534 et
394 466 524 534 auditor
546 471 678 533 nostros
701 465 834 553 probat,
857 437 957 548 Aule,
979 465 1124 550 libellos,

242 555 305 623 Sed
328 557 470 642 quidam'
485 559 616 621 exactos
640 577 710 622 esse
732 557 831 640 pocta
853 559 962 641 negat

172 641 273 712 ·'Non
295 646 431 712 nimium
454 665 546 709 curo:
568 665 644 710 nam
667 665 763 710 cenae
786 641 1064 710 fercula·nostrae
1182 703 1184 706 .
1271 675 1295 756 εἰ

242 734 355 800 Malim
377 731 522 800 convivis
545 754 644 818 quam
666 733 828 818 placuisse
852 733 946 799 cocis.
988 819 990 822 Ι

461 871 464 876 ’
580 872 743 940 LXXXII.

196 980 335 1048 Dixerat
358 981 544 1066 astrologus
567 982 749 1064 periturum
772 984 806 1046 te
829 980 907 1064 cito,
930 979 1065 1066 Munna,

244 1067 325 1154 Neo,
348 1075 441 1156 puto,
465 1069 620 1136 mentitus
644 1069 770 1134 dixerat
793 1069 850 1134 illc
874 1069 945 1136 tibi.
1187 1128 1190 1137 ,

185 1157 286 1225 'Nam
309 1162 346 1224 tu
369 1157 445 1224 dum
468 1159 600 1242 metuis,
621 1157 758 1243 nequid
781 1162 858 1244 post
880 1157 950 1223 lata
969 1158 1152 1244 relinquas,
1279 1175 1287 1244 J

243 1245 393 1312 Hausisti
414 1247 539 1333 patrias
563 1247 747 1313 luxuriosus
772 1268 863 1332 opes,
1265 1259 1267 1263 ·

175 1333 321 1421 oBisque
344 1339 437 1400 tuum
461 1335 565 1400 decies
589 1357 654 1401 non
677 1339 748 1400 toto
772 1335 881 1400 tabuit
905 1356 1005 1402 anno:

244 1423 307 1491 Dic
328 1423 421 1503 mihi,
443 1445 509 1491 non
531 1424 594 1490 hoo
617 1427 679 1507 est,
702 1422 840 1509 Munna,
860 1424 969 1510 perire
992 1423 1080 1488 cito?

573 1539 754 1649 1111111111.

201 1689 293 1756 Inter
315 1692 409 1755 tanta
430 1693 506 1754 tuae
528 1689 699 1773 miracula,
722 1686 855 1774 Caesar,
878 1687 1033 1774 harenae,

248 1777 338 1856 Quae
361 1777 464 1843 vincit
485 1781 632 1843 veterum
655 1799 790 1842 munera
813 1777 902 1844 clara
925 1779 1054 1862 ducum,

201 1865 345 1933 Multum
368 1867 467 1944 oculi,
490 1865 546 1931 sed
569 1867 643 1953 plus
667 1887 761 1930 aures
785 1865 901 1932 debera
924 1866 1068 1932 fatentur

248 1954 289 2022 Se
312 1955 388 2039 tibi,
411 1953 496 2040 quod
521 1958 669 2038 spectant
693 1953 749 2040 qui
771 1955 914 2038 recitare,
930 1955 1045 2020 solent.

579 2111 754 2180 LXXXIV.

204 2219 285 2287 Cum
308 2224 366 2286 tua
388 2220 564 2305 sacrilegos
588 2224 714 2302 eontra,
737 2217 905 2304 Norbano,
924 2219 1055 2286 furores

249 2307 358 2375 Staret
379 2329 439 2394 pro
463 2307 594 2374 domino
613 2305 751 2374 Caesare
775 2312 889 2374 sancta
911 2308 1004 2392 fides,

203 2396 294 2463 Haec
317 2419 378 2484 ego
401 2395 507 2461 Pieria
531 2396 681 2462 ludebam
695 2400 795 2460 tutus
818 2397 854 2460 in
876 2397 1007 2481 umbra,

158 2489 160 2494 ’
248 2485 309 2552 1111
332 2492 409 2551 tuae
431 2485 538 2550 cultor
560 2489 657 2550 notus
681 2485 852 2550 amicitiae.

167 2574 257 2649 ι11111
280 2574 342 2640 tibi
365 2572 541 2638 Vindelicis
564 2571 687 2639 Raetus
710 2574 867 2639 narrabat
890 2574 924 2638 in
949 2575 1030 2659 oris,
1066 2645 1067 2648 Ἴ

248 2661 368 2729 Nescia
390 2684 448 2728 nec
471 2663 576 2728 nostri
598 2663 740 2728 nominis
764 2661 882 2728 Arctos
907 2667 990 2728 erat:
1106 2661 1107 2664 ’

205 2751 233 2818 0
257 2753 407 2838 quotiens
431 2754 574 2816 veterem
596 2773 663 2816 non
684 2751 846 2817 infitiatus
866 2751 1006 2818 amicum

248 2839 368 2905 Dixisti
391 2837 502 2923 „Meus
525 2842 576 2903 est
598 2840 660 2904 iste
683 2844 794 2926 poeta,
819 2839 942 2906 meus!“

205 2927 308 2994 Omne
331 2928 392 2994 tibi
415 2931 565 2993 nostrum
589 2928 674 3014 quod
697 2929 748 2994 bis
772 2927 938 2994 trieteride
962 2929 1072 2994 iuncta

163 3035 195 3083 10
250 3015 339 3082 Ante
362 3015 463 3082 dabat
485 3017 710 3100 lector,'nuno
734 3017 827 3082 dabit
850 3021 964 3084 auctor
987 3040 1077 3106 opus.

590 3174 749 3241 LXXXV.

85 3341 93 3358 ,
168 3362 171 3367 ¹
206 3281 406 3369 Languidior
428 3287 541 3349 noster
566 3282 594 3348 si
618 3282 747 3369 quando
771 3286 821 3348 est
844 3283 979 3368 Paulus,
1003 3283 1101 3370 Atili,

249 3371 325 3438 Non
349 3393 396 3456 se,
419 3373 572 3439 convivas
597 3372 741 3438 abstinet
764 3373 822 3436 ille
839 3394 931 3437 suos.

206 3459 257 3524 Tu
280 3460 436 3547 languora
460 3462 590 3546 quidem
615 3461 724 3545 subito
748 3461 888 3546 fictoque
911 3462 1056 3546 laboras,

252 3544 315 3612 Sed
337 3571 409 3614 mea
432 3551 577 3633 porrexit
600 3549 761 3636 sportula,
784 3549 900 3634 Paule,
923 3551 1030 3635 pedes.
