2528 4038
364 201 664 260 EPIGRAMMATON
683 201 751 259 LIB.
771 202 804 259 V.
1035 201 1098 268 123

528 363 645 432 LXIV.

14 536 15 558 ,
120 472 309 554 Sextantes,
335 471 488 558 Calliste,
511 473 593 539 duos
616 471 750 538 infunde
772 469 918 558 Falerni,

13 569 14 578 ’
164 563 214 628 Tu
238 585 338 647 super
361 564 518 648 aestivas,
543 561 684 645 Alcime,
708 563 798 628 solve
820 562 928 648 nives,

116 651 319 740 Pinguescat
341 653 444 718 nimio
468 651 618 718 madidus
642 651 724 716 mihi
747 651 846 718 erinis
869 673 1000 718 amomo

163 741 408 826 Lassenturque
431 742 517 807 rosis
537 743 686 826 tempora
709 739 873 808 sutilibus.

91 829 201 896 sTam
224 831 334 896 vicina
356 830 471 896 iubent
493 851 555 896 nos
579 831 688 896 vivere
711 827 892 914 Mausolea,

163 917 248 984 Cum
273 919 426 1005 doceant,
448 921 539 1006 ipsos
563 939 660 1006 posse
683 919 790 1006 perire
813 919 900 986 deos.

537 1059 639 1127 LXV.

116 1167 221 1234 Astra
244 1167 423 1253 polumque
446 1165 548 1251 dedit,
572 1166 720 1252 quamvis
744 1166 895 1234 obstante
917 1187 1069 1248 noverea,

161 1256 303 1342 Alcidae
325 1255 466 1322 Nemees
490 1259 598 1322 terror
621 1259 655 1320 et
678 1255 782 1326 Areas
806 1278 884 1342 aper

115 1344 163 1411 Et
186 1346 388 1430 castigatum
412 1343 553 1430 Libycae
577 1365 708 1412 ceroma
729 1345 914 1430 palaestrae

161 1434 211 1500 Et
236 1433 347 1521 gravis
370 1434 404 1498 in
428 1431 538 1500 Siculo
561 1434 696 1521 pulvere
718 1433 811 1500 fusus
834 1433 941 1520 Eryx,

94 1519 352 1610 sSilrarumque
374 1526 513 1607 tremor,
535 1523 638 1588 tacita
661 1521 717 1609 qui
739 1523 853 1588 fraude
875 1522 1006 1590 solebat

161 1611 293 1677 Ducere
316 1633 376 1677 nee
398 1616 505 1678 rectas
530 1609 634 1678 Cacus
658 1612 694 1676 in
717 1615 811 1678 antra
834 1612 944 1678 bores.

118 1700 188 1766 Ista
211 1705 304 1780 tuae,
327 1698 463 1784 Caesar,
487 1705 589 1786 quota
611 1723 689 1786 pars
713 1705 880 1787 spectatur
901 1700 1064 1767 harenae?
1113 1735 1114 1738 ¹

162 1789 235 1855 Dat
257 1788 384 1854 maiora
405 1811 511 1856 novus
535 1790 662 1874 proelia
686 1811 781 1856 mane
803 1789 881 1856 dies.

119 1877 206 1954 Quot
232 1877 387 1965 graviora
410 1879 531 1944 eadunt
553 1878 716 1946 Nemeaeo
740 1877 883 1963 pondera
905 1879 1066 1946 monstro!

82 1980 110 2030 lo
162 1967 255 2045 Quot
278 1970 337 2032 tua
360 1965 542 2032 Maenalios
566 1966 705 2033 collocat
727 1967 825 2032 hasta
847 1969 935 2033 sues!

118 2055 288 2122 Reddatur
311 2056 340 2120 si
364 2075 475 2140 pugna
497 2056 617 2140 triplex
640 2056 783 2141 pastoris
806 2055 935 2141 Hiberi,

161 2145 228 2210 Est
250 2144 314 2209 tibi
336 2146 394 2230 qui
416 2145 523 2229 possit
544 2145 673 2210 vincere
697 2141 888 2229 Geryonem.

120 2229 226 2320 Saepe
249 2233 327 2299 lieet
350 2231 470 2299 Graiae
493 2237 681 2300 numeretur
703 2234 801 2299 belua
822 2233 959 2318 Lernae,

162 2321 321 2408 Improba
343 2320 483 2387 Niliacis
508 2321 585 2407 quid
609 2321 688 2388 lacit
710 2321 825 2408 Hydra
846 2321 948 2388 feria?

81 2427 108 2474 15
119 2409 181 2478 Pro
206 2411 334 2476 meritis
358 2412 484 2476 eaelum
507 2412 623 2494 tantis,
647 2410 811 2496 Auguste,
833 2410 991 2478 dederunt

161 2499 302 2567 Alcidae
325 2501 391 2566 uite
415 2499 462 2584 di,
486 2500 541 2565 sed
564 2499 626 2564 tibi
649 2519 722 2565 sero
746 2499 880 2566 dabunt.

528 2657 644 2726 LXVI.

117 2763 221 2854 Saepe
246 2767 409 2832 salutatus
432 2786 599 2850 nunquam
623 2767 713 2851 prior
735 2767 806 2852 ipse
829 2767 968 2835 salutes:

160 2856 215 2924 Sic
241 2855 305 2922 eris
329 2854 525 2941 Aeternum,
547 2853 746 2941 Pontiliane,
768 2855 861 2923 Vale.

519 3011 651 3080 LXVII.

117 3119 283 3190 Hibernos
306 3125 457 3208 peterent
481 3121 578 3188 solito
603 3143 675 3187 eum
699 3143 790 3188 more
812 3143 958 3190 recessus

159 3210 332 3296 Atthides,
355 3211 390 3276 in
411 3211 499 3277 nidis
522 3233 587 3276 una
610 3212 768 3276 remansit
792 3212 873 3278 avis.

117 3295 326 3387 Deprendere
349 3299 441 3365 nefas
466 3299 507 3366 ad
530 3306 680 3384 tempora
703 3321 802 3365 verna
824 3321 986 3385 reversae,

159 3389 206 3458 Et
230 3389 406 3476 profugam
430 3391 577 3455 volueres
602 3388 763 3473 diripuere
787 3410 874 3454 suae.
963 3397 966 3402 '

97 3473 194 3546 oSero
220 3479 311 3544 dedit
333 3500 471 3564 poenas:
495 3479 634 3562 discerpi
657 3477 754 3541 noxia
779 3481 882 3540 mater

157 3567 342 3652 Debuerat,
366 3567 423 3634 sed
446 3571 539 3651 tune,
561 3589 635 3633 oum
659 3565 816 3630 laceravit
838 3562 923 3650 Ityn.
