2528 4038
46 285 50 292 .
113 251 114 254 κ
160 241 203 308 58
487 235 526 294 m
544 233 626 292 usn.
645 231 847 290 maurane

204 401 324 470 Trunci
347 399 483 468 naribus
507 399 703 484 auribusque
726 395 847 464 vultus.
917 373 921 380 .

206 489 317 558 Credis
340 495 372 558 te
396 489 475 556 satis
500 509 569 554 esse
595 485 815 554 vindicatum?

181 580 326 647 ullrrus:
348 580 411 682 iqte
434 579 545 664 potest
567 579 600 642 et
622 575 791 642 irrumare.
826 656 832 672 l

578 732 757 801 LXXXIV.
779 673 826 773 “s
897 777 900 781 -

206 845 319 914 Mollis
342 847 412 912 eret
434 841 602 928 facilisque
625 842 705 908 viris
728 839 905 906 Poeantius
928 839 1040 907 heros:

252 933 398 1001 Vulnera
420 932 467 999 sic
489 930 618 996 Paridis
642 929 760 996 dicitur
780 927 996 995 ulta-Venus.

206 1021 272 1090 Cur
295 1023 401 1110 lingat
423 1042 565 1088 cunnum
588 1016 714 1086 Siculus
738 1015 915 1101 Sertorius,
937 1015 1001 1084 hoc
1023 1021 1088 1086 est:

250 1111 335 1178 Esse
357 1111 433 1191 huic
456 1109 593 1193 occisus,
615 1107 713 1192 Rufe,
735 1106 864 1174 uidetur
885 1105 987 1192 Eryx.

586 1265 751 1336 LXXXV.
763 1293 764 1296 ¹

147 1385 149 1390 ’
206 1374 337 1442 Vimine
360 1375 451 1442 clusa
472 1375 538 1442 levi
559 1374 672 1440 niveae
696 1373 844 1442 custodia
866 1376 990 1458 coctae,

252 1463 324 1532 Hoc
347 1464 410 1530 tibi
432 1461 565 1530 Saturni
586 1467 731 1548 tempore
755 1484 872 1529 munus
897 1463 968 1528 erit.

208 1553 305 1620 Dona
327 1553 413 1639 quud
436 1551 571 1618 aestatis
595 1553 670 1618 misi
694 1551 755 1616 tibi
778 1573 888 1618 mense
911 1549 1100 1635 Decembri,
1142 1594 1145 1597 -

198 1718 199 1722 Ἰ
254 1640 290 1709 si
313 1643 470 1728 quereris,
493 1663 601 1707 rasum
624 1643 661 1706 tu
684 1640 766 1706 mihi
789 1641 884 1708 mitte
907 1644 1029 1726 togam.
1151 1693 1153 1695 .

567 1797 758 1866 LXXXVI.

209 1906 303 1985 Quod
324 1929 384 1974 nec
407 1907 548 1974 carmine
571 1907 695 1991 glorior
718 1907 834 1991 supino
893 1977 894 1980 ,

119 2069 121 2072 ,
187 1996 278 2065 Nec
300 2001 388 2062 retro
411 1997 485 2082 lego
509 1993 651 2074 Sotaden
674 1994 859 2079 cinaedum,
898 2031 899 2036 κ

208 2085 377 2171 Nusquam
401 2081 562 2150 Graecula
585 2083 670 2168 quod
693 2087 842 2150 recantat
865 2082 945 2149 echo

87 2235 88 2238 ,
207 2173 277 2240 Nec
300 2173 402 2238 dictat
423 2173 505 2238 mihi
529 2172 711 2238 luculentus
735 2170 825 2238 Attis

182 2261 344 2329 aMollem
366 2261 535 2326 debilitate
558 2261 773 2346 galliambon:

209 2349 285 2416 Non
308 2371 394 2434 sum,
418 2348 574 2428 classice,
597 2353 666 2414 tam
688 2349 795 2414 malus
818 2351 924 2435 poeta

84 2509 90 2518 ,
200 2439 308 2521 ¹Quid,
331 2439 360 2503 si
383 2459 441 2524 per
465 2437 603 2524 graciles
626 2437 847 2521 viaspeteuri

209 2528 355 2594 Invitum
377 2526 489 2590 iubeas
513 2526 621 2591 subire
644 2523 780 2591 Ladan?

209 2616 317 2701 Turpe
341 2619 392 2680 est
414 2614 563 2680 difficiles
586 2614 707 2680 habere
730 2636 835 2702 nugas

168 2722 201 2772 ιο
210 2705 256 2770 Et
279 2704 401 2769 stultus
424 2703 519 2768 labor
542 2709 593 2768 est
615 2703 823 2788 ineptiarum.

211 2791 341 2859 Scribat
364 2793 508 2857 carmina
531 2791 659 2857 circulis
682 2791 872 2875 Palaemon,

209 2880 263 2960 Me
286 2880 370 2946 ruris
393 2881 485 2946 iuvat
508 2881 641 2946 auribus
664 2880 802 2966 placere.

576 3037 771 3106 uxxxvn.

210 3146 300 3214 Dicis
324 3168 434 3213 umore
457 3147 507 3212 tui
529 3146 634 3213 bellas
659 3146 771 3212 ardere
795 3146 936 3232 puellas,

256 3235 320 3313 Qui
342 3235 459 3302 faeiem
484 3235 545 3302 sub
569 3257 665 3322 aqua,
690 3233 798 3318 Sexte,
821 3235 965 3302 natantis
989 3233 1100 3302 habes.

566 3393 780 3462 LXXXVHI.

211 3501 269 3568 Nil
291 3504 410 3570 recitas
435 3507 469 3570 et
491 3504 555 3586 ris,
579 3501 754 3581 Mammea,
777 3499 1007 3586 poeta'videri.

257 3589 419 3678 Quidquid
442 3593 492 3659 vis
516 3597 600 3673 esto,
624 3591 798 3658 dummodo
821 3591 869 3656 nil
892 3591 1018 3658 recites.
1151 3682 1153 3686 ι
