2528 4038
365 223 668 283 uereaauunrou
687 223 754 281 ure.
774 224 822 282 111.
1062 228 1100 294 61

565 388 626 456 ΠΙ.

1 499 2 506 ’
124 496 335 580 [Formosam
358 495 475 562 faeiem
499 497 595 582 nigro
620 495 832 564 medicamine
856 497 956 584 oelas,

172 585 236 652 Sed
259 608 327 652 non
349 585 494 652 formoso
518 607 653 672 corpore
677 586 780 652 laedis
804 607 916 674 aquas.

123 675 239 760 Ipsam
263 675 357 740 erede
381 674 474 741 deam
498 676 608 742 verbis
631 677 693 741 tibi
716 676 821 741 dicere
845 676 981 742 uostris:

171 763 262 848 „Aut
285 763 377 848 aperi
399 763 531 851 faeiem,
555 769 611 831 aut
633 766 783 832 tunicata
805 766 922 848 lava“]

567 905 625 976 IV.

125 1014 273 1080 Romam
295 1011 392 1098 vade,
414 1011 511 1079 liber:
535 1013 577 1098 si,
601 1014 725 1080 veneris
749 1012 848 1100 uude,
870 1013 1028 1100 requiret,

173 1101 337 1168 Aemiliae
361 1101 447 1168 dices
472 1101 511 1168 de
534 1103 667 1188 regione
690 1103 771 1169 viae.

127 1191 182 1277 Si,
205 1191 323 1276 quibus
347 1191 514 1276 interris,
538 1213 603 1276 qua
626 1191 727 1258 simus
752 1193 785 1258 in
810 1191 905 1277 urbe,
928 1191 1071 1278 rogabit,
1114 1263 1115 1267 Ἰ
1190 1247 1191 1250 ,

174 1279 308 1346 Corneli
329 1277 452 1345 referas
476 1302 527 1345 me
551 1281 629 1346 licet
652 1303 722 1346 esse
745 1279 840 1347 Foro.

97 1368 197 1436 uOur
221 1368 343 1452 absim,
367 1372 515 1454 quaeret:
538 1368 681 1436 breviter
703 1373 740 1435 tu
764 1369 869 1436 multa
892 1368 1010 1436 fatere:
1090 1399 1095 1408 ·

173 1457 270 1544 „Nou
293 1462 425 1544 poterat
447 1479 549 1524 vanae
573 1458 681 1524 taedia
703 1457 787 1524 ferre
810 1459 935 1546 togae.“

125 1546 286 1634 „Quando
310 1545 440 1612 veuit?“
464 1546 563 1612 dicet:
586 1556 621 1612 tu
644 1546 854 1632 respondeto:
876 1546 997 1632 „Poeta

173 1636 322 1701 Exierat:
345 1635 469 1718 veniet,
492 1657 565 1702 oum
589 1633 795 1700 citharoedus
819 1635 908 1701 erit“

578 1791 619 1862 V.

125 1902 190 1972 Vis
213 1899 437 1968 commendari
455 1901 530 1976 siue
553 1921 605 1966 me
625 1923 781 1984 cursurus
804 1901 840 1982 in
862 1900 990 1987 urbem,
1024 1982 1026 1985 ,
1127 1973 1128 1977 ,

174 1991 281 2065 Parve
303 1991 401 2074 liber,
423 1990 552 2076 multis,
575 2011 617 2054 an
640 1991 720 2056 satis
743 2011 826 2056 unus
851 1991 935 2056 erit?
991 2069 994 2076 ι

125 2080 225 2147 Unus
249 2079 324 2164 erit,
347 2077 560 2162 mihicrede,
583 2079 680 2164 satis,
699 2079 750 2145 eui
772 2100 839 2149 non
863 2079 925 2149 eris
948 2079 1081 2165 hospes,

175 2169 293 2254 Iulius,
318 2167 486 2234 assiduum
509 2188 629 2232 nomeu
652 2169 687 2232 in
710 2188 765 2232 ore
788 2188 870 2234 meo.
1197 2231 1203 2239 ,

98 2257 287 2325 sProtinus
311 2256 398 2322 huno
421 2257 547 2341 primae
571 2277 706 2342 quaeres
730 2257 765 2320 in
787 2256 900 2321 limine
918 2255 1052 2322 Tectae:
1125 2279 1130 2286 ·

177 2347 268 2424 Quos
291 2347 400 2411 tenuit
422 2345 586 2432 Daphnis,
609 2365 693 2410 nune
715 2349 806 2410 tenet
827 2344 884 2410 ille
906 2345 1001 2410 lares.

126 2437 195 2502 Est
216 2435 268 2501 illi
291 2435 450 2518 coniunx,
469 2455 551 2519 quae
573 2437 607 2498 te
631 2433 845 2518 manibusque
868 2433 1007 2520 sinuque

174 2523 403 2608 Excipiettu
426 2523 478 2588 vel
502 2522 748 2608 pulverulentus
772 2543 837 2587 eas.

119 2613 204 2679 *Hos
226 2617 265 2677 tu
289 2634 346 2678 seu
368 2613 494 2697 pariter
516 2612 584 2677 sive
607 2610 693 2676 haue
715 2610 851 2676 illumve
873 2611 1016 2700 priorem

81 2722 117 2770 10
177 2700 408 2786 Videris,hoo
432 2700 518 2766 diees
540 2697 690 2786 „Marcus
714 2699 832 2764 havere
855 2699 977 2786 iubet,“

128 2791 282 2857 Etsatis
306 2793 371 2856 est:
395 2789 477 2855 alios
501 2788 705 2855 commendet
728 2788 881 2872 epistola:
905 2794 1020 2875 peceat

177 2879 242 2958 Qui
265 2877 557 2946 commendandum
581 2899 615 2943 se
637 2881 733 2964 putat
756 2898 827 2965 esse
850 2878 927 2944 suis.

572 3035 630 3104 Vl
722 3081 727 3093 ι

130 3147 204 3215 Lux
226 3141 296 3212 tibi'
311 3149 388 3231 post
408 3143 487 3211 Idus
511 3148 700 3210 numeratur
722 3142 822 3208 tertia
845 3141 963 3230 Maias,

175 3235 379 3320 Marcelline,
402 3235 467 3300 tuis
492 3234 542 3300 bis
566 3232 759 3299 celebranda
783 3233 891 3298 saeris.

129 3325 279 3410 Imputat
301 3323 463 3408 aetherios
487 3331 578 3390 ortus
601 3322 682 3388 haee
703 3321 809 3408 prima
831 3322 973 3407 parenti,

176 3414 277 3480 Libat
299 3413 452 3480 florentes
475 3413 556 3480 haee
578 3412 640 3477 tibi
663 3411 770 3497 prima
792 3430 903 3496 genas.

90 3503 254 3588 valilagrna
276 3503 354 3569 lioet
377 3502 502 3570 dederit
524 3501 681 3569 iucundae
705 3520 840 3564 munera
862 3499 963 3582 ritae,

177 3591 256 3658 Plus
279 3613 447 3679 uunquam
471 3593 559 3678 patri
582 3588 748 3678 praestitit
770 3587 831 3700 ille
851 3587 927 3654 dies.
