2596 4032
458 529 506 604 11.
534 527 641 603 vsu.
669 481 935 601 1111111111

249 635 252 642 ’
359 682 1051 788 narcanuunuou·

580 859 714 927 LIBER
735 859 808 926 xit

406 1020 551 1089 Valerius
568 1021 735 1088 Martialis
753 1017 864 1086 Prisco
881 1039 938 1094 erro
956 1018 989 1086 S.

255 1162 329 1231 Scio
344 1185 396 1230 me
409 1162 627 1248 patrocinium
642 1161 759 1228 debere
770 1160 1073 1240 contumacissimae
1083 1161 1212 1226 trienni

106 1297 114 1310 .
187 1251 340 1337 desidiae3
366 1273 429 1338 quo
453 1251 652 1318 absolvenda
674 1273 740 1317 non
764 1254 850 1317 esset
872 1251 958 1316 inter
978 1249 1055 1315 illas
1074 1272 1212 1336 quoque

187 1341 316 1407 urbicas
341 1340 583 1425 occupationes,
608 1341 724 1425 quibus
748 1339 884 1421 facilius¹
902 1339 1145 1424 consequimur,
1170 1345 1213 1405 ut

67 1493 68 1496 ,
187 1429 318 1495 molesti
336 1429 458 1514 potius,
476 1451 573 1514 quam
592 1433 630 1494 ut
644 1429 781 1495 officiosi
797 1449 868 1494 esse
887 1427 1066 1512 rideamur3
1083 1427 1212 1493 nedum

162 1518 297 1585 11111111
311 1518 503 1604 provinciali
518 1517 706 1602 solitudine,
720 1517 777 1583 ubi
791 1516 856 1582 nisi
871 1516 969 1582 etiam
983 1516 1211 1600 intemperan-

187 1613 239 1676 ter
262 1607 444 1691 studemuS,
472 1611 505 1673 11
529 1607 598 1672 sine
622 1607 743 1672 solacio
768 1610 801 1672 et
829 1606 1132 1686 sinecxcusatione
1158 1628 1210 1671 se-

188 1695 353 1764 cessimus.
376 1694 496 1781 Accipe
514 1716 592 1780 ergo
611 1696 781 1760 rationem.
804 1695 843 1760 In
862 1715 927 1779 qua
945 1694 1007 1760 hoc
1026 1694 1211 1760 maximum

100 1791 101 1798 ’
188 1788 222 1851 11
235 1784 377 1870 primum
392 1787 455 1867 est,
470 1783 554 1868 quod
569 1783 711 1848 civitatis
728 1805 836 1864 aures,
855 1783 971 1868 quibus
987 1804 1210 1866 assueveram,

189 1893 310 1959 quaero
333 1876 367 1937 et
389 1870 501 1937 videor
523 1871 604 1936 mihi
626 1872 661 1936 in
684 1872 788 1938 alieno
812 1869 886 1936 foro
908 1871 1054 1956 litigare3
1077 1871 1211 1956 siquid

90 1973 106 1983 ”
146 1979 178 2028 10
190 1965 241 2027 est
255 1961 352 2045 enim,
367 1961 453 2045 quod
466 1960 500 2026 in
519 1960 639 2025 libellis
659 1961 745 2026 111111Ι
758 1960 895 2044 placeat,
910 1959 1046 2025 dictavit
1060 1959 1210 2026 auditor:

98 2059 101 2066 '
188 2050 283 2116 illam
305 2048 497 2115 iudiciorum
521 2049 752 2133 subtilitatem,
774 2048 855 2114 illud
878 2049 1091 2114 materiarum
1114 2050 1210 2136 inge·

188 2139 288 2224 nium,
300 2137 529 2221 bibliothecas,
543 2137 683 2220 theatra,
697 2137 874 2222 convietus,
888 2137 923 2202 111
937 2137 1055 2222 quibus
1072 2138 1210 2204 studere

189 2249 224 2292 se
246 2225 432 2310 voluptates
455 2247 521 2290 non
545 2227 698 2307 sentiunt,
721 2226 762 2290 ad
785 2247 947 2290 summam
968 2226 1113 2291 omnium
1136 2228 1210 2311 illa,

189 2337 270 2401 quae
294 2314 426 2380 delicati
452 2314 656 2399 reliquimus,
680 2314 900 2380 desideramus
929 2315 1022 2400 quasi
1046 2314 1210 2382 destituti.

146 2421 178 2469 15
189 2403 324 2470 Accedit
338 2403 389 2468 his
404 2403 648 2486 municipalium
667 2403 783 2490 robigo
799 2403 945 2470 dentium
965 2407 998 2468 et
1017 2403 1115 2470 iudici
1130 2404 1208 2470 loco

188 2493 286 2577 livor,
310 2495 343 2556 et
365 2512 448 2556 unus
472 2495 528 2555 aut
558 2492 642 2556 alter
669 2492 760 2574 mali,
783 2491 818 2556 in
845 2493 964 2576 pusillo
993 2491 1065 2558 loco
1093 2494 1210 2579 multi3

189 2581 344 2647 adversus
368 2579 453 2664 quod
477 2579 608 2645 difficile
633 2579 826 2646 esthabere
850 2581 968 2646 cotidie
992 2581 1113 2648 bonum
1139 2587 1209 2648 sto·

188 2669 353 2735 maehum:
376 2691 417 2733 ne
436 2668 563 2732 mireris
582 2669 685 2754 igitur
704 2669 831 2734 abiecta
850 2669 891 2734 ab
909 2669 1101 2756 indignante
1121 2692 1209 2754 quae
1236 2675 1240 2684 '

189 2781 208 2824 a
228 2758 387 2844 gestiente
406 2757 476 2821 fieri
492 2757 649 2822 solebant.
681 2755 732 2822 Ne
748 2757 824 2841 quid
843 2761 956 2824 tamen
970 2765 1003 2824 11
1017 2758 1209 2825 advenienti
1249 2793 1251 2796 ·

145 2863 178 2912 ao
188 2845 249 2912 tibi
274 2846 316 2912 ab
340 2845 419 2910 urbe
446 2850 480 2910 et
508 2845 653 2932 exigenti
679 2866 834 2930 negarem
858 2848 978 2912 -oui
1003 2868 1070 2912 non
1097 2847 1209 2915 refero

189 2935 345 3021 gratiam,
369 2935 398 2998 si
424 2937 552 2998 tantum
581 2957 619 3000 ea
646 2938 777 3018 praesto
801 2957 883 3018 quae
906 2957 1041 3020 possum
1064 2971 1122 3021 -,
1146 2937 1209 3002 im-

187 3023 299 3110 peravi
318 3022 407 3104 mihi,
431 3022 517 3106 quod
541 3023 709 3107 indulgere
728 3045 929 3107 consueram,
948 3028 981 3090 11
999 3024 1108 3090 studui
1125 3047 1208 3110 pau·

189 3111 328 3179 cissimis
353 3111 475 3193 diebus,
494 3114 532 3176 ut
550 3111 822 3176 familiarissimas
841 3112 923 3176 mihi
943 3135 1036 3178 aures
1055 3118 1130 3178 tuas
1151 3137 1205 3180 ex-

189 3202 330 3287 ciperem
341 3199 531 3266 adventoria
546 3222 613 3266 sua.
628 3199 678 3265 Tu
688 3199 787 3265 velim
800 3201 874 3285 ista,
885 3223 966 3286 quae
978 3205 1106 3266 tantum
1118 3205 1206 3288 apud

145 3307 178 3356 25
189 3295 221 3358 tc
235 3313 301 3357 non
316 3288 550 3375 periclitantur,
562 3289 735 3374 diligenter
745 3289 917 3355 aestimare
932 3294 966 3355 et
975 3295 1123 3356 excutere
1137 3314 1206 3357 non

188 3379 349 3466 graveria
364 3381 406 3460 et,
421 3378 506 3464 quod
521 3377 582 3443 tibi
597 3378 827 3444 difficillimum
843 3383 901 3463 est,
916 3379 954 3443 de
969 3379 1066 3464 nugis
1080 3383 1206 3446 nostris

187 3468 307 3533 iudices
322 3466 429 3532 nitore
444 3467 598 3554 seposito,
612 3491 652 3534 ne
668 3467 817 3548 Romam,
831 3467 921 3533 sitta
936 3467 1124 3552 decreveris,
1139 3492 1206 3535 non

187 3553 440 3640 Hispaniensem
463 3555 584 3621 librum
608 3557 787 3641 mittamus,
811 3556 867 3622 sed
891 3556 1085 3642 Hispanum.
