2528 4038
231 231 240 246 '
341 229 637 288 EPIGRAMMATON
655 229 722 286 LIB.
742 231 789 286 lll.
1032 229 1075 296 75

98 394 204 460 Vinea
227 392 315 480 quod
337 391 451 479 primis
475 415 550 460 cum
573 393 670 461 floret
693 415 775 460 cana
797 392 949 477 racemis,

37 485 39 488 ’
141 483 302 550 Gramina
325 483 413 567 quod
435 483 599 570 redolent,
622 505 705 570 quae
729 481 826 549 modo
845 483 969 567 carpsit
990 481 1074 568 ovis3
1112 543 1116 558 ,

72 571 192 648 5'Quod
211 576 353 655 myrtus,
368 572 455 657 quod
470 594 597 639 messor
605 570 718 638 'Arabs
724 623 733 657 ,
748 571 834 658 quod
848 573 962 638 sucina
980 572 1073 655 trita,
1107 563 1116 628 l

139 661 290 728 Pallidus
313 659 385 727 Eoo
408 664 481 727 ture
505 662 593 746 quod
615 662 702 748 ignia
726 661 808 740 olet;
1099 663 1109 758 J

96 747 202 816 Gleba
225 749 312 836 quod
336 749 463 816 aestivo
486 749 604 817 leviter
627 773 701 818 cum
724 750 892 837 spargitur
914 749 1033 835 imbre,
1096 761 1105 838 ,³

141 838 239 916 Quod
261 839 411 904 madidas
434 839 537 905 nardo
561 861 660 926 passa
683 861 806 906 corona
828 860 952 905 comae:
1096 860 1102 920 ς

1 967 2 989 r
95 927 168 995 Hoc
193 933 266 1018 tua,
289 949 386 994 saeve
409 950 491 1011 puer
513 927 731 1012 Diadumene,
754 927 850 993 basia
871 927 1033 1014 fragrant.
1093 923 1101 990 l

1 995 6 1128 l
57 1033 86 1082 ιο
139 1016 240 1103 Quid,
263 1016 293 1082 ei
315 1021 388 1084 tota
411 1017 505 1084 dares
528 1018 587 1082 illa
610 1019 681 1083 sine
703 1016 849 1083 invidia?

506 1157 623 1228 LXVI.

96 1255 162 1322 Par
186 1257 292 1323 scelus
317 1255 451 1322 admisit
475 1255 604 1322 Phariis
629 1255 791 1330 Antonius
816 1256 929 1322 armis:

141 1345 296 1412 Abscidit
319 1345 430 1410 vultus
454 1345 541 1410 ensis
564 1349 701 1431 uterque
724 1366 844 1412 sacros.

97 1433 198 1521 lllud,
223 1434 407 1520 laurigeros
431 1455 547 1520 ageres
571 1457 644 1501 cum
668 1435 757 1500 laeta
779 1432 979 1520 triumphos,

5 1579 6 1601 ,
140 1523 215 1591 Hoc
237 1523 314 1606 tibi,
336 1521 457 1603 Roma,
479 1527 592 1609 caput,
614 1545 688 1590 cum
711 1522 904 1608 loquereris,
927 1525 1006 1592 erat.

5 1620 6 1636 ¹
75 1612 225 1679 ohntoni
248 1617 360 1678 tamen
384 1614 436 1676 est
458 1613 564 1698 peior,
586 1634 685 1697 quam
708 1633 806 1678 causa
829 1609 977 1678 Pothini:
1007 1612 1011 1617 ’

141 1701 207 1768 Hic
229 1700 357 1767 facinus
382 1700 513 1766 domino
537 1701 717 1786 praestitit,
740 1701 797 1767 ille
821 1699 894 1766 eibi.
956 1763 957 1768 ,

498 1837 638 1908 vam

6 1956 9 1999 l
100 1936 258 2023 Cessatis,
280 1939 388 2026 pueri,
409 1938 557 2024 nihilque
579 1939 699 2023 nostis,

5 2014 9 2083 l
98 2025 243 2095 Vaterno
267 2027 455 2114 Rasinaque
478 2027 655 2114 pigriores,

6 2142 9 2179 l
100 2115 243 2192 Quorum
266 2118 433 2203 pervade
455 2115 550 2182 tarda
572 2117 768 2202 navigantes
843 2158 847 2164 -

5 2282 6 2297 χ
100 2203 222 2272 Lentos
246 2205 376 2294 tingitis
401 2205 443 2272 ad
466 2207 611 2271 celeuma
633 2225 751 2270 remos.

5 2302 10 2363 l
76 2292 165 2360 elam
191 2316 297 2381 prono
320 2293 529 2361 Phaethonte
553 2293 649 2359 sudat
672 2292 805 2360 Aethon

5 2378 7 2467 l
98 2381 296 2469 Exarsitque
320 2382 403 2468 dies,
426 2386 460 2449 et
482 2383 565 2449 hora
587 2383 695 2448 lassos

4 2523 5 2539 ,
88 2468 299 2558 'Interiungit
321 2493 423 2558 equos
447 2470 634 2538 meridiana.

99 2559 144 2626 At
166 2583 226 2628 vos
250 2555 321 2626 tain
343 2560 491 2648 placidas
514 2560 593 2646 vagi
614 2581 673 2646 per
695 2556 799 2625 undae

9 2683 11 2690 ·
97 2645 180 2716 Tuta
203 2649 319 2716 luditis
343 2649 448 2716 otium
471 2647 590 2714 carina.

62 2735 172 2807 10Non
193 2741 316 2806 nautas
337 2741 420 2824 puto
444 2759 516 2816 voe,
540 2735 597 2802 sed
619 2733 840 2822 Argonautae.

487 2865 638 2936 LXVIII.

98 2966 168 3036 Huc
190 2973 244 3036 est
266 2990 370 3054 usquc
393 2967 456 3034 tibi
480 2967 636 3052 scriptus,
661 2967 826 3048 matrona,
849 2964 990 3032 libellus.
1044 2991 1046 2998 ·

139 3057 199 3125 Oui
224 3059 293 3124 sint
316 3057 457 3144 scripta,
479 3077 593 3144 rogas,
615 3053 795 3120 interiora?
821 3053 912 3119 mihi.
962 3085 964 3088 ·

98 3143 328 3234 Gymnasium,
341 3147 504 3232 thermae,
518 3144 661 3212 stadium
676 3145 727 3208 est
745 3141 808 3208 hac
825 3145 932 3226 parte:
951 3140 1072 3209 recede.

138 3236 318 3304 Eruimur:
340 3235 446 3302 nudos
469 3257 567 3320 parce
591 3232 700 3298 videre
723 3229 821 3296 viros.

77 3321 179 3394 affine
203 3327 271 3392 iam
296 3325 446 3412 deposito
469 3329 547 3411 post
570 3323 647 3389 vina
670 3340 827 3402 rosasque
850 3318 987 3404 pudore,

139 3413 225 3492 Quid
250 3415 351 3499 dicat,
375 3415 480 3480 nescit
503 3411 614 3480 saucia
637 3407 866 3496 Terpsichore:

99 3497 267 3572 Schemate
290 3525 351 3570 nec
375 3502 491 3587 dubio,
514 3501 571 3568 sed
595 3505 707 3585 aperte
729 3495 881 3562 nominat
903 3495 1010 3578 illam,

139 3591 247 3671 Quam
270 3591 388 3678 recipit
412 3595 505 3672 sexto
529 3611 640 3657 mense
665 3585 807 3671 superba
829 3581 957 3669 Venus,
