2596 4034
395 233 694 292 nr1onrnuuron
712 233 779 290 nn.
798 233 874 290 vm.
1083 232 1144 299 181
1173 199 1178 214 ’
1211 261 1213 266 v

583 397 687 466 XXV.

169 500 292 568 Vidisti
317 505 431 590 semel,
455 503 617 592 Oppiane,
639 508 770 571 lantum

168 591 317 680 Aegrum
341 615 407 660 me:
431 595 517 660 male
541 616 638 682 saepe
662 599 694 661 te
717 593 844 661 videbo.

575 736 695 804 XXVI.

167 839 246 907 Non
269 845 322 908 lob
344 842 380 908 in
402 842 483 910 Eois
506 843 618 910 timuit
642 842 843 931 Gangeticus
866 841 953 908 arvis

215 929 357 1016 Raptor,
380 933 416 998 in
437 931 592 1020 Hyrcano
617 934 673 1019 qui
696 933 783 1020 fugit
805 933 900 997 albus
924 951 1020 1018 equo,

168 1019 259 1097 Quoi
282 1025 340 1086 lua
363 1021 470 1087 Roma
491 1045 595 1089 novas
619 1023 714 1106 vidit,
738 1021 943 1106 Germanice,
966 1020 1083 1108 tigres:

214 1107 358 1175 Delicias
382 1113 492 1196 poluit
515 1133 575 1177 nec
597 1132 767 1177 numerare
790 1131 876 1177 suae.

136 1195 283 1264 sVincit
305 1199 509 1284 Erylhraeos
532 1205 604 1284 lna,
628 1199 760 1286 Caesar,
782 1199 906 1266 harena
928 1196 1113 1284 briumphos

215 1286 262 1352 Et
284 1289 418 1354 victoris
443 1311 521 1375 opos
546 1288 741 1376 diviliasque
764 1287 830 1354 dei:

166 1373 259 1442 Nam
283 1399 356 1442 cum
380 1377 528 1464 captivus
553 1382 666 1463 ageret
689 1379 748 1444 sub
774 1377 922 1444 curribus
946 1373 1058 1460 Indos,

217 1463 399 1536 Contentus
423 1467 555 1555 gemina
577 1467 697 1554 tigride
720 1465 870 1534 Bacchus
894 1468 973 1533 ereb

567 1625 702 1692 XXVII.

167 1728 308 1796 Munera
331 1733 388 1819 qui
410 1732 472 1798 tibi
497 1731 554 1798 dal
576 1732 745 1818 locupleti,
770 1731 891 1817 Gauro,
914 1731 1059 1818 senique,

217 1817 252 1885 Si
276 1822 364 1907 sapis
388 1825 422 1887 el
445 1822 562 1908 seniis,
585 1823 648 1889 hoc
670 1821 733 1887 cibi
756 1823 804 1888 ait
825 1821 999 1908 „Morere.“

558 1979 711 2047 XXVIII.
764 2040 766 2046 .

170 2085 248 2171 Dic,
270 2090 365 2174 loga,
388 2085 518 2152 facundi
544 2089 675 2174 gratum
699 2086 781 2152 mibi
803 2107 921 2152 munus
946 2086 1054 2174 amici,

215 2174 297 2240 Esse
321 2175 403 2240 velis
427 2177 517 2241 cuius
540 2177 630 2240 fama
653 2175 813 2260 decusque
837 2176 970 2262 gregis?

170 2263 303 2350 Appula
326 2262 447 2330 Ledaei
470 2264 533 2329 libi
556 2263 667 2330 floruit
690 2265 792 2330 herba
814 2263 1005 2350 Phalanthi,
1098 2271 1100 2274 ’

216 2353 288 2430 Qua
313 2355 439 2418 saturat
462 2351 611 2420 Calabris
635 2353 726 2418 oulla
748 2353 908 2420 Galaesus
932 2353 1048 2440 aquis?

140 2440 225 2506 oAn
247 2441 456 2508 Tartesiacus
480 2442 603 2508 stabuli
625 2443 768 2508 nutritor
789 2442 907 2508 Hiberi
997 2455 998 2458 ’

214 2529 327 2596 Baetis
351 2531 386 2595 in
410 2530 571 2615 Hesperia
594 2535 628 2596 le
647 2553 775 2617 quoque
797 2532 880 2598 lavil
902 2531 985 2598 ovo?
1060 2525 1063 2530 ⁵

169 2619 225 2685 An
246 2623 316 2684 bna
329 2619 528 2685 multifidum
550 2620 734 2684 numeravit
756 2621 832 2686 lana
854 2620 1040 2702 Timavum,

215 2707 318 2784 Quem
341 2709 415 2794 pius
439 2709 591 2774 astrifero
614 2706 767 2792 Cyllarus
790 2730 845 2774 ore
868 2709 975 2776 bibit?
1020 2793 1024 2798 .

169 2796 215 2862 'Ie
238 2819 297 2863 nec
314 2797 496 2882 Amyclaeo
520 2797 628 2864 decuit
649 2797 750 2863 livere
772 2820 910 2884 veneno,

124 2901 159 2950 ro
215 2885 285 2952 Nec
307 2886 441 2952 Miletos
464 2889 535 2952 erat
557 2885 679 2951 vellere
697 2885 803 2973 ¹digna
825 2890 892 2952 tuo.
1140 2967 1143 2972 ἃ

168 2973 256 3040 Lilia
278 2979 315 3040 lu
338 2976 441 3042 vincis
464 2997 524 3042 nec
548 2975 653 3040 adbuc
677 2974 987 3064 delapsaliguslra,
1080 2979 1085 3024 Γ

213 3062 260 3130 Et
282 3065 457 3131 Tiburtino
481 3067 593 3130 monle
616 3064 702 3149 quod
726 3063 816 3128 albei
839 3065 933 3150 ebur3

169 3150 351 3240 Spartanus
375 3153 439 3228 tibi
463 3154 556 3220 cedet
578 3153 650 3220 olor
673 3151 880 3238 Paphiaeque
903 3153 1088 3238 columbae,

214 3240 315 3308 Cedet
338 3243 533 3328 Erythraeis
556 3246 650 3309 eruta
673 3263 803 3328 gemma
825 3241 933 3308 vadis:

125 3347 157 3399 ιδ
169 3329 232 3397 Sed
255 3332 334 3398 licei
356 3331 437 3398 haec
459 3332 575 3418 primis
597 3331 728 3397 nivibus
752 3329 818 3395 sint
842 3330 972 3396 aemula
994 3329 1092 3416 dona,

212 3419 290 3486 Non
313 3425 390 3486 sunb
412 3421 590 3487 Parthenio
615 3419 804 3487 candidiora
827 3442 895 3487 suo.

19 3535 21 3540 ’
114 3585 115 3588 ¹
166 3507 244 3575 Non
268 3531 330 3596 ego
343 3511 569 3594 'praelulcrim
592 3509 780 3594 Babylonos
803 3508 893 3594 piola
917 3509 1076 3596 superbae

211 3598 329 3684 Texta,
353 3597 548 3665 Samiramia
572 3621 654 3685 quae
677 3598 942 3684 varientur÷acu3
