<?xml version="1.0" encoding="UTF-8"?>
<!DOCTYPE html PUBLIC "-//W3C//DTD XHTML 1.0 Transitional//EN"
    "http://www.w3.org/TR/xhtml1/DTD/xhtml1-transitional.dtd">
<html xmlns="http://www.w3.org/1999/xhtml" xml:lang="en" lang="en">
 <head>
  <title>
</title>
<meta http-equiv="Content-Type" content="text/html;charset=utf-8" />
  <meta name='ocr-system' content='tesseract 3.04.00' />
  <meta name='ocr-capabilities' content='ocr_page ocr_carea ocr_par ocr_line ocrx_word'/>
</head>
<body>
  <div class='ocr_page' id='page_1' title='image "./epigrammatonlib03martgoog_0210.png"; bbox 0 0 2596 4034; ppageno 0'>
   <div class='ocr_carea' id='block_1_1' title="bbox 368 181 1247 254">
    <p class='ocr_par' dir='ltr' id='par_1_1' title="bbox 368 181 1247 254">
     <span class='ocr_line' id='line_1_1' title="bbox 368 181 1247 254; baseline 0.025 -18"><span class='ocrx_word' id='word_1_1' title='bbox 368 181 668 240; x_wconf 76' lang='lat' dir='ltr'>orroarnmrrcn</span> <span class='ocrx_word' id='word_1_2' title='bbox 685 183 752 240; x_wconf 84' lang='lat' dir='ltr'>ma.</span> <span class='ocrx_word' id='word_1_3' title='bbox 772 183 831 240; x_wconf 87' lang='lat' dir='ltr'>vn.</span> <span class='ocrx_word' id='word_1_4' title='bbox 1046 185 1110 254; x_wconf 85' lang='lat'>169</span> <span class='ocrx_word' id='word_1_5' title='bbox 1246 208 1247 212; x_wconf 41' lang='lat'>¹</span> 
     </span>
    </p>
   </div>
   <div class='ocr_carea' id='block_1_2' title="bbox 529 331 750 414">
    <p class='ocr_par' dir='ltr' id='par_1_2' title="bbox 529 331 750 414">
     <span class='ocr_line' id='line_1_2' title="bbox 529 331 750 414; baseline 0.014 -3"><span class='ocrx_word' id='word_1_6' title='bbox 529 345 676 414; x_wconf 74' lang='lat' dir='ltr'>cxxvi.</span> <span class='ocrx_word' id='word_1_7' title='bbox 705 331 750 396; x_wconf 56' lang='grc' dir='ltr'><em>Ψ</em></span> 
     </span>
    </p>
   </div>
   <div class='ocr_carea' id='block_1_3' title="bbox 109 451 834 984">
    <p class='ocr_par' dir='ltr' id='par_1_3' title="bbox 134 451 692 538">
     <span class='ocr_line' id='line_1_3' title="bbox 134 451 692 538; baseline 0.004 -20"><span class='ocrx_word' id='word_1_8' title='bbox 134 451 231 529; x_wconf 84' lang='lat' dir='ltr'>Quod</span> <span class='ocrx_word' id='word_1_9' title='bbox 254 456 286 517; x_wconf 88' lang='lat' dir='ltr'>te</span> <span class='ocrx_word' id='word_1_10' title='bbox 310 451 468 537; x_wconf 89' lang='lat' dir='ltr'>diripiunt</span> <span class='ocrx_word' id='word_1_11' title='bbox 489 454 692 538; x_wconf 84' lang='lat' dir='ltr'>potentiores</span> 
     </span>
    </p>

    <p class='ocr_par' dir='ltr' id='par_1_4' title="bbox 133 541 737 629">
     <span class='ocr_line' id='line_1_4' title="bbox 133 541 737 629; baseline 0.003 -23"><span class='ocrx_word' id='word_1_12' title='bbox 133 541 201 606; x_wconf 88' lang='lat' dir='ltr'>Per</span> <span class='ocrx_word' id='word_1_13' title='bbox 224 542 385 626; x_wconf 85' lang='lat' dir='ltr'>convivia,</span> <span class='ocrx_word' id='word_1_14' title='bbox 409 541 567 626; x_wconf 88' lang='lat' dir='ltr'>porticus,</span> <span class='ocrx_word' id='word_1_15' title='bbox 591 542 737 629; x_wconf 87' lang='lat' dir='ltr'>theatra,</span> 
     </span>
    </p>

    <p class='ocr_par' dir='ltr' id='par_1_5' title="bbox 109 631 834 984">
     <span class='ocr_line' id='line_1_5' title="bbox 134 631 753 718; baseline 0.002 -22"><span class='ocrx_word' id='word_1_16' title='bbox 134 631 183 696; x_wconf 82' lang='lat' dir='ltr'>Et</span> <span class='ocrx_word' id='word_1_17' title='bbox 206 635 327 710; x_wconf 88' lang='lat' dir='ltr'>tecum,</span> <span class='ocrx_word' id='word_1_18' title='bbox 351 631 501 716; x_wconf 87' lang='lat' dir='ltr'>quotiens</span> <span class='ocrx_word' id='word_1_19' title='bbox 525 631 573 697; x_wconf 88' lang='lat' dir='ltr'>ita</span> <span class='ocrx_word' id='word_1_20' title='bbox 596 631 753 718; x_wconf 83' lang='lat' dir='ltr'><strong>incidisti,</strong></span> 
     </span>
     <span class='ocr_line' id='line_1_6' title="bbox 135 719 694 786; baseline 0.002 -2"><span class='ocrx_word' id='word_1_21' title='bbox 135 719 269 785; x_wconf 78' lang='lat' dir='ltr'><strong>Gestari</strong></span> <span class='ocrx_word' id='word_1_22' title='bbox 291 720 382 786; x_wconf 85' lang='lat' dir='ltr'>iuvat</span> <span class='ocrx_word' id='word_1_23' title='bbox 406 724 439 784; x_wconf 87' lang='lat' dir='ltr'>et</span> <span class='ocrx_word' id='word_1_24' title='bbox 462 720 552 786; x_wconf 88' lang='lat' dir='ltr'>iuvat</span> <span class='ocrx_word' id='word_1_25' title='bbox 576 721 694 786; x_wconf 81' lang='lat' dir='ltr'>lavari:</span> 
     </span>
     <span class='ocr_line' id='line_1_7' title="bbox 109 808 660 896; baseline 0.005 -24"><span class='ocrx_word' id='word_1_26' title='bbox 109 808 252 874; x_wconf 82' lang='lat' dir='ltr'>oNolito</span> <span class='ocrx_word' id='word_1_27' title='bbox 275 809 412 874; x_wconf 86' lang='lat' dir='ltr'>nimium</span> <span class='ocrx_word' id='word_1_28' title='bbox 436 809 498 873; x_wconf 89' lang='lat' dir='ltr'>tibi</span> <span class='ocrx_word' id='word_1_29' title='bbox 521 810 660 896; x_wconf 87' lang='lat' dir='ltr'>placere.</span> 
     </span>
     <span class='ocr_line' id='line_1_8' title="bbox 135 885 834 984; baseline 0.006 -22"><span class='ocrx_word' id='word_1_30' title='bbox 135 897 304 982; x_wconf 71' lang='lat' dir='ltr'>Delectat,</span> <span class='ocrx_word' id='word_1_31' title='bbox 326 896 527 984; x_wconf 85' lang='lat' dir='ltr'>Philomuse,</span> <span class='ocrx_word' id='word_1_32' title='bbox 541 919 617 964; x_wconf 87' lang='lat' dir='ltr'>non</span> <span class='ocrx_word' id='word_1_33' title='bbox 641 885 834 968; x_wconf 54' lang='lat' dir='ltr'>amarisael</span> 
     </span>
    </p>
   </div>
   <div class='ocr_carea' id='block_1_4' title="bbox 521 1005 761 1111">
    <p class='ocr_par' dir='ltr' id='par_1_6' title="bbox 521 1005 761 1111">
     <span class='ocr_line' id='line_1_9' title="bbox 521 1005 761 1111; baseline -0.004 -5"><span class='ocrx_word' id='word_1_34' title='bbox 521 1039 684 1111; x_wconf 76' lang='lat' dir='ltr'>cxxvii.</span> <span class='ocrx_word' id='word_1_35' title='bbox 714 1005 761 1079; x_wconf 62' lang='lat' dir='ltr'><em>s</em></span> 
     </span>
    </p>
   </div>
   <div class='ocr_carea' id='block_1_5' title="bbox 134 1145 1027 1324">
    <p class='ocr_par' dir='ltr' id='par_1_7' title="bbox 134 1145 1027 1324">
     <span class='ocr_line' id='line_1_10' title="bbox 134 1145 1027 1301; baseline 0.002 -89"><span class='ocrx_word' id='word_1_36' title='bbox 134 1145 267 1301; x_wconf 48' lang='lat' dir='ltr'>Exffin,</span> <span class='ocrx_word' id='word_1_37' title='bbox 291 1149 328 1212; x_wconf 88' lang='lat' dir='ltr'>ut</span> <span class='ocrx_word' id='word_1_38' title='bbox 349 1149 482 1212; x_wconf 86' lang='lat' dir='ltr'>nostros</span> <span class='ocrx_word' id='word_1_39' title='bbox 506 1146 623 1213; x_wconf 89' lang='lat' dir='ltr'>donem</span> <span class='ocrx_word' id='word_1_40' title='bbox 645 1147 722 1230; x_wconf 89' lang='lat' dir='ltr'>tibi,</span> <span class='ocrx_word' id='word_1_41' title='bbox 745 1147 863 1232; x_wconf 79' lang='lat' dir='ltr'>Tucca,</span> <span class='ocrx_word' id='word_1_42' title='bbox 887 1147 1027 1214; x_wconf 87' lang='lat' dir='ltr'>libellos.</span> 
     </span>
     <span class='ocr_line' id='line_1_11' title="bbox 218 1234 992 1324; baseline 0.003 -24"><span class='ocrx_word' id='word_1_43' title='bbox 218 1257 261 1300; x_wconf 88' lang='lat' dir='ltr'>on</span> <span class='ocrx_word' id='word_1_44' title='bbox 282 1234 413 1302; x_wconf 84' lang='lat' dir='ltr'>faciam:</span> <span class='ocrx_word' id='word_1_45' title='bbox 436 1257 513 1301; x_wconf 88' lang='lat' dir='ltr'>nam</span> <span class='ocrx_word' id='word_1_46' title='bbox 537 1237 586 1302; x_wconf 83' lang='lat' dir='ltr'>via</span> <span class='ocrx_word' id='word_1_47' title='bbox 610 1236 762 1316; x_wconf 83' lang='lat' dir='ltr'>vendere,</span> <span class='ocrx_word' id='word_1_48' title='bbox 785 1257 852 1304; x_wconf 88' lang='lat' dir='ltr'>non</span> <span class='ocrx_word' id='word_1_49' title='bbox 875 1236 992 1324; x_wconf 81' lang='lat' dir='ltr'>legere.</span> 
     </span>
    </p>
   </div>
   <div class='ocr_carea' id='block_1_6' title="bbox 512 1365 823 1462">
    <p class='ocr_par' dir='ltr' id='par_1_8' title="bbox 512 1365 823 1462">
     <span class='ocr_line' id='line_1_12' title="bbox 512 1365 823 1462; baseline 0.006 -2"><span class='ocrx_word' id='word_1_50' title='bbox 512 1365 749 1462; x_wconf 67' lang='lat' dir='ltr'>nxxv111.&#39;⁸</span> <span class='ocrx_word' id='word_1_51' title='bbox 815 1387 823 1405; x_wconf 89' lang='grc'><strong><em>·</em></strong></span> 
     </span>
    </p>
   </div>
   <div class='ocr_carea' id='block_1_7' title="bbox 135 1499 1078 1766">
    <p class='ocr_par' dir='ltr' id='par_1_9' title="bbox 135 1499 1078 1766">
     <span class='ocr_line' id='line_1_13' title="bbox 135 1499 828 1588; baseline 0 -19"><span class='ocrx_word' id='word_1_52' title='bbox 135 1501 222 1570; x_wconf 85' lang='lat' dir='ltr'>Oum</span> <span class='ocrx_word' id='word_1_53' title='bbox 245 1499 403 1568; x_wconf 79' lang='lat' dir='ltr'>Saxetani</span> <span class='ocrx_word' id='word_1_54' title='bbox 425 1506 567 1588; x_wconf 86' lang='lat' dir='ltr'>ponatur</span> <span class='ocrx_word' id='word_1_55' title='bbox 589 1503 692 1568; x_wconf 88' lang='lat' dir='ltr'>cauda</span> <span class='ocrx_word' id='word_1_56' title='bbox 715 1503 828 1569; x_wconf 85' lang='lat' dir='ltr'>lacerti</span> 
     </span>
     <span class='ocr_line' id='line_1_14' title="bbox 182 1589 942 1676; baseline 0.003 -20"><span class='ocrx_word' id='word_1_57' title='bbox 182 1590 240 1674; x_wconf 82' lang='lat' dir='ltr'>Et,</span> <span class='ocrx_word' id='word_1_58' title='bbox 263 1593 344 1656; x_wconf 90' lang='lat' dir='ltr'>bene</span> <span class='ocrx_word' id='word_1_59' title='bbox 369 1591 397 1656; x_wconf 88' lang='lat' dir='ltr'>si</span> <span class='ocrx_word' id='word_1_60' title='bbox 420 1613 531 1676; x_wconf 86' lang='lat' dir='ltr'>cenas,</span> <span class='ocrx_word' id='word_1_61' title='bbox 555 1589 688 1658; x_wconf 85' lang='lat' dir='ltr'>conchis</span> <span class='ocrx_word' id='word_1_62' title='bbox 711 1592 846 1658; x_wconf 84' lang='lat' dir='ltr'>inuncta</span> <span class='ocrx_word' id='word_1_63' title='bbox 866 1591 942 1658; x_wconf 83' lang='lat' dir='ltr'>tibi:</span> 
     </span>
     <span class='ocr_line' id='line_1_15' title="bbox 135 1679 1078 1766; baseline 0.004 -19"><span class='ocrx_word' id='word_1_64' title='bbox 135 1679 273 1763; x_wconf 85' lang='lat' dir='ltr'>Sumen,</span> <span class='ocrx_word' id='word_1_65' title='bbox 296 1701 425 1764; x_wconf 87' lang='lat' dir='ltr'>aprum,</span> <span class='ocrx_word' id='word_1_66' title='bbox 448 1681 605 1765; x_wconf 87' lang='lat' dir='ltr'>leporem,</span> <span class='ocrx_word' id='word_1_67' title='bbox 629 1680 771 1766; x_wconf 85' lang='lat' dir='ltr'>boletos,</span> <span class='ocrx_word' id='word_1_68' title='bbox 794 1685 915 1765; x_wconf 84' lang='lat' dir='ltr'>ostrea,</span> <span class='ocrx_word' id='word_1_69' title='bbox 939 1681 1078 1751; x_wconf 66' lang='lat' dir='ltr'>mullosx</span> 
     </span>
    </p>
   </div>
   <div class='ocr_carea' id='block_1_8' title="bbox 144 1768 1002 1910">
    <p class='ocr_par' dir='ltr' id='par_1_10' title="bbox 144 1768 1002 1910">
     <span class='ocr_line' id='line_1_16' title="bbox 144 1768 1002 1910; baseline 0.002 -76"><span class='ocrx_word' id='word_1_70' title='bbox 144 1859 156 1910; x_wconf 80' lang='lat' dir='ltr'>l</span> <span class='ocrx_word' id='word_1_71' title='bbox 182 1769 304 1834; x_wconf 88' lang='lat' dir='ltr'>Mittis:</span> <span class='ocrx_word' id='word_1_72' title='bbox 327 1768 429 1834; x_wconf 88' lang='lat' dir='ltr'>habes</span> <span class='ocrx_word' id='word_1_73' title='bbox 452 1789 512 1834; x_wconf 89' lang='lat' dir='ltr'>nec</span> <span class='ocrx_word' id='word_1_74' title='bbox 536 1791 604 1851; x_wconf 87' lang='lat' dir='ltr'>cor,</span> <span class='ocrx_word' id='word_1_75' title='bbox 628 1769 754 1856; x_wconf 71' lang='lat' dir='ltr'>Papike,</span> <span class='ocrx_word' id='word_1_76' title='bbox 777 1791 837 1836; x_wconf 89' lang='lat' dir='ltr'>nec</span> <span class='ocrx_word' id='word_1_77' title='bbox 861 1771 1002 1857; x_wconf 87' lang='lat' dir='ltr'>genium.</span> 
     </span>
    </p>
   </div>
   <div class='ocr_carea' id='block_1_9' title="bbox 530 1917 868 2008">
    <p class='ocr_par' dir='ltr' id='par_1_11' title="bbox 530 1917 868 2008">
     <span class='ocr_line' id='line_1_17' title="bbox 530 1917 868 2008; baseline 0.003 -16"><span class='ocrx_word' id='word_1_78' title='bbox 530 1926 674 1995; x_wconf 83' lang='lat' dir='ltr'>LXXIX.</span> <span class='ocrx_word' id='word_1_79' title='bbox 706 1917 754 1988; x_wconf 43' lang='lat' dir='ltr'>yt-</span> <span class='ocrx_word' id='word_1_80' title='bbox 866 2005 868 2008; x_wconf 81' lang='lat'>.</span> 
     </span>
    </p>
   </div>
   <div class='ocr_carea' id='block_1_10' title="bbox 82 2032 969 2395">
    <p class='ocr_par' dir='ltr' id='par_1_12' title="bbox 82 2032 926 2128">
     <span class='ocr_line' id='line_1_18' title="bbox 82 2032 926 2128; baseline -0.001 -27"><span class='ocrx_word' id='word_1_81' title='bbox 82 2032 85 2038; x_wconf 78' lang='grc'>’</span> <span class='ocrx_word' id='word_1_82' title='bbox 114 2036 255 2128; x_wconf 60' lang='grc' dir='ltr'>ἸΡοῒῑινί</span> <span class='ocrx_word' id='word_1_83' title='bbox 279 2035 375 2100; x_wconf 92' lang='lat' dir='ltr'>modo</span> <span class='ocrx_word' id='word_1_84' title='bbox 400 2033 570 2101; x_wconf 85' lang='lat' dir='ltr'>consulare</span> <span class='ocrx_word' id='word_1_85' title='bbox 593 2034 713 2100; x_wconf 85' lang='lat' dir='ltr'>vinum.</span> <span class='ocrx_word' id='word_1_86' title='bbox 925 2087 926 2090; x_wconf 15' lang='grc' dir='ltr'>η</span> 
     </span>
    </p>

    <p class='ocr_par' dir='ltr' id='par_1_13' title="bbox 97 2123 969 2395">
     <span class='ocr_line' id='line_1_19' title="bbox 97 2123 969 2210; baseline 0 -20"><span class='ocrx_word' id='word_1_87' title='bbox 97 2194 98 2198; x_wconf 52' lang='lat'>,</span> <span class='ocrx_word' id='word_1_88' title='bbox 137 2125 289 2209; x_wconf 67' lang='lat' dir='ltr'>(lucerio,</span> <span class='ocrx_word' id='word_1_89' title='bbox 313 2145 410 2210; x_wconf 86' lang='lat' dir='ltr'>quam</span> <span class='ocrx_word' id='word_1_90' title='bbox 434 2128 529 2189; x_wconf 83' lang='lat' dir='ltr'>vetus</span> <span class='ocrx_word' id='word_1_91' title='bbox 553 2127 650 2209; x_wconf 89' lang='lat' dir='ltr'>atque</span> <span class='ocrx_word' id='word_1_92' title='bbox 673 2123 831 2190; x_wconf 82' lang='lat' dir='ltr'>liberale?</span> <span class='ocrx_word' id='word_1_93' title='bbox 967 2135 969 2140; x_wconf 86' lang='lat'>&#39;</span> 
     </span>
     <span class='ocr_line' id='line_1_20' title="bbox 135 2212 762 2300; baseline -0.002 -21"><span class='ocrx_word' id='word_1_94' title='bbox 135 2214 215 2300; x_wconf 87' lang='lat' dir='ltr'>Ipso</span> <span class='ocrx_word' id='word_1_95' title='bbox 240 2215 373 2280; x_wconf 88' lang='lat' dir='ltr'>consule</span> <span class='ocrx_word' id='word_1_96' title='bbox 397 2213 577 2278; x_wconf 88' lang='lat' dir='ltr'>conditum:</span> <span class='ocrx_word' id='word_1_97' title='bbox 601 2212 656 2276; x_wconf 86' lang='lat' dir='ltr'>sed</span> <span class='ocrx_word' id='word_1_98' title='bbox 679 2212 762 2297; x_wconf 87' lang='lat' dir='ltr'>ipse,</span> 
     </span>
     <span class='ocr_line' id='line_1_21' title="bbox 137 2298 789 2395; baseline -0.003 -26"><span class='ocrx_word' id='word_1_99' title='bbox 137 2303 204 2381; x_wconf 81' lang='lat' dir='ltr'>Qui</span> <span class='ocrx_word' id='word_1_100' title='bbox 226 2303 383 2389; x_wconf 85' lang='lat' dir='ltr'>ponebat,</span> <span class='ocrx_word' id='word_1_101' title='bbox 407 2305 491 2388; x_wconf 87' lang='lat' dir='ltr'>crat,</span> <span class='ocrx_word' id='word_1_102' title='bbox 515 2298 645 2386; x_wconf 85' lang='lat' dir='ltr'>Severe,</span> <span class='ocrx_word' id='word_1_103' title='bbox 668 2301 789 2395; x_wconf 83' lang='lat' dir='ltr'>consul.</span> 
     </span>
    </p>
   </div>
   <div class='ocr_carea' id='block_1_11' title="bbox 138 2433 1223 2744">
    <p class='ocr_par' dir='ltr' id='par_1_14' title="bbox 138 2433 1223 2744">
     <span class='ocr_line' id='line_1_22' title="bbox 538 2433 1100 2556; baseline -0.05 -29"><span class='ocrx_word' id='word_1_104' title='bbox 538 2459 667 2528; x_wconf 81' lang='lat' dir='ltr'>mxx.</span> <span class='ocrx_word' id='word_1_105' title='bbox 684 2433 728 2504; x_wconf 61' lang='lat' dir='ltr'><em>V</em></span> <span class='ocrx_word' id='word_1_106' title='bbox 752 2445 799 2533; x_wconf 78' lang='lat'>(1</span> <span class='ocrx_word' id='word_1_107' title='bbox 967 2537 969 2541; x_wconf 11' lang='lat' dir='ltr'>y</span> <span class='ocrx_word' id='word_1_108' title='bbox 1099 2552 1100 2556; x_wconf 4' lang='grc' dir='ltr'><strong><em>Ν</em></strong></span> 
     </span>
     <span class='ocr_line' id='line_1_23' title="bbox 138 2567 1223 2654; baseline -0.013 -16"><span class='ocrx_word' id='word_1_109' title='bbox 138 2571 306 2650; x_wconf 77' lang='lat' dir='ltr'>Quatenus</span> <span class='ocrx_word' id='word_1_110' title='bbox 330 2567 488 2654; x_wconf 83' lang='lat' dir='ltr'>Odrysios</span> <span class='ocrx_word' id='word_1_111' title='bbox 511 2569 577 2634; x_wconf 88' lang='lat' dir='ltr'>iam</span> <span class='ocrx_word' id='word_1_112' title='bbox 601 2591 666 2654; x_wconf 81' lang='lat' dir='ltr'>par</span> <span class='ocrx_word' id='word_1_113' title='bbox 689 2567 838 2633; x_wconf 84' lang='lat' dir='ltr'>Romana</span> <span class='ocrx_word' id='word_1_114' title='bbox 859 2569 983 2636; x_wconf 75' lang='lat' dir='ltr'><strong>triones</strong></span> <span class='ocrx_word' id='word_1_115' title='bbox 1035 2599 1080 2608; x_wconf 38' lang='grc'>’-</span> <span class='ocrx_word' id='word_1_116' title='bbox 1149 2605 1151 2607; x_wconf 95' lang='grc'>-</span> <span class='ocrx_word' id='word_1_117' title='bbox 1221 2605 1223 2608; x_wconf 93' lang='grc'>-</span> 
     </span>
     <span class='ocr_line' id='line_1_24' title="bbox 184 2657 916 2744; baseline -0.004 -20"><span class='ocrx_word' id='word_1_118' title='bbox 184 2659 360 2744; x_wconf 74' lang='lat' dir='ltr'>Temperat</span> <span class='ocrx_word' id='word_1_119' title='bbox 383 2663 416 2723; x_wconf 91' lang='lat' dir='ltr'>ct</span> <span class='ocrx_word' id='word_1_120' title='bbox 438 2659 575 2724; x_wconf 75' lang='lat' dir='ltr'>tetricae</span> <span class='ocrx_word' id='word_1_121' title='bbox 598 2657 780 2723; x_wconf 76' lang='lat' dir='ltr'>conticuere</span> <span class='ocrx_word' id='word_1_122' title='bbox 804 2657 916 2742; x_wconf 84' lang='lat' dir='ltr'>tubae,</span> 
     </span>
    </p>
   </div>
   <div class='ocr_carea' id='block_1_12' title="bbox 138 2745 979 2916">
    <p class='ocr_par' dir='ltr' id='par_1_15' title="bbox 31 2677 979 2916">
     <span class='ocr_line' id='line_1_25' title="bbox 138 2745 975 2834; baseline -0.003 -19.34"><span class='ocrx_word' id='word_1_123' title='bbox 138 2749 236 2814; x_wconf 89' lang='lat' dir='ltr'>Hunc</span> <span class='ocrx_word' id='word_1_124' title='bbox 259 2747 450 2814; x_wconf 85' lang='lat' dir='ltr'>Marcellino</span> <span class='ocrx_word' id='word_1_125' title='bbox 474 2747 611 2834; x_wconf 85' lang='lat' dir='ltr'>poteris,</span> <span class='ocrx_word' id='word_1_126' title='bbox 635 2745 803 2830; x_wconf 84' lang='lat' dir='ltr'>Faustino,</span> <span class='ocrx_word' id='word_1_127' title='bbox 826 2746 975 2812; x_wconf 89' lang='lat' dir='ltr'>libellum</span> 
     </span>
     <span class='ocr_line' id='line_1_26' title="bbox 183 2833 979 2916; baseline -0.003 -13"><span class='ocrx_word' id='word_1_128' title='bbox 183 2837 332 2903; x_wconf 84' lang='lat' dir='ltr'>Mittere:</span> <span class='ocrx_word' id='word_1_129' title='bbox 355 2837 423 2902; x_wconf 90' lang='lat' dir='ltr'>iam</span> <span class='ocrx_word' id='word_1_130' title='bbox 446 2836 582 2916; x_wconf 86' lang='lat' dir='ltr'>chartis,</span> <span class='ocrx_word' id='word_1_131' title='bbox 605 2835 671 2901; x_wconf 86' lang='lat' dir='ltr'>iam</span> <span class='ocrx_word' id='word_1_132' title='bbox 695 2839 791 2900; x_wconf 80' lang='lat' dir='ltr'>vacat</span> <span class='ocrx_word' id='word_1_133' title='bbox 813 2833 868 2899; x_wconf 90' lang='lat' dir='ltr'>ille</span> <span class='ocrx_word' id='word_1_134' title='bbox 892 2835 979 2902; x_wconf 86' lang='lat' dir='ltr'>iocis.</span> 
     </span>
    </p>
   </div>
   <div class='ocr_carea' id='block_1_13' title="bbox 112 2924 941 3012">
    <p class='ocr_par' dir='ltr' id='par_1_16' title="bbox 31 2889 941 3064">
     <span class='ocr_line' id='line_1_27' title="bbox 112 2924 941 3012; baseline -0.004 -19.356"><span class='ocrx_word' id='word_1_135' title='bbox 112 2925 203 2993; x_wconf 80' lang='lat' dir='ltr'>oSed</span> <span class='ocrx_word' id='word_1_136' title='bbox 227 2927 255 2991; x_wconf 82' lang='lat' dir='ltr'>ai</span> <span class='ocrx_word' id='word_1_137' title='bbox 278 2949 381 3012; x_wconf 88' lang='lat' dir='ltr'>parva</span> <span class='ocrx_word' id='word_1_138' title='bbox 402 2926 452 2992; x_wconf 88' lang='lat' dir='ltr'>tui</span> <span class='ocrx_word' id='word_1_139' title='bbox 475 2926 667 2992; x_wconf 86' lang='lat' dir='ltr'>munuscula</span> <span class='ocrx_word' id='word_1_140' title='bbox 690 2924 820 3009; x_wconf 86' lang='lat' dir='ltr'>quaeris</span> <span class='ocrx_word' id='word_1_141' title='bbox 844 2924 941 2990; x_wconf 90' lang='lat' dir='ltr'>amici</span> 
     </span>
    </p>
   </div>
   <div class='ocr_carea' id='block_1_14' title="bbox 31 3013 958 3124">
    <p class='ocr_par' dir='ltr' id='par_1_17' title="bbox 31 3013 958 3124">
     <span class='ocr_line' id='line_1_28' title="bbox 31 3013 958 3124; baseline -0.005 -42"><span class='ocrx_word' id='word_1_142' title='bbox 31 3073 32 3124; x_wconf 73' lang='lat' dir='ltr'>l</span> <span class='ocrx_word' id='word_1_143' title='bbox 116 3043 118 3046; x_wconf 91' lang='lat'>·</span> <span class='ocrx_word' id='word_1_144' title='bbox 183 3013 433 3100; x_wconf 81' lang='lat' dir='ltr'>Commendare,</span> <span class='ocrx_word' id='word_1_145' title='bbox 455 3015 541 3081; x_wconf 82' lang='lat' dir='ltr'>ferat</span> <span class='ocrx_word' id='word_1_146' title='bbox 564 3013 708 3084; x_wconf 85' lang='lat' dir='ltr'>carmina</span> <span class='ocrx_word' id='word_1_147' title='bbox 729 3017 843 3076; x_wconf 87' lang='lat' dir='ltr'>nostra</span> <span class='ocrx_word' id='word_1_148' title='bbox 865 3033 958 3097; x_wconf 88' lang='lat' dir='ltr'>puer:</span> 
     </span>
    </p>
   </div>
   <div class='ocr_carea' id='block_1_15' title="bbox 31 3097 1189 3590">
    <p class='ocr_par' dir='ltr' id='par_1_18' title="bbox 31 3097 1189 3590">
     <span class='ocr_line' id='line_1_29' title="bbox 134 3100 950 3190; baseline -0.008 -17.785"><span class='ocrx_word' id='word_1_149' title='bbox 134 3104 217 3172; x_wconf 77' lang='lat' dir='ltr'>¹Non</span> <span class='ocrx_word' id='word_1_150' title='bbox 240 3106 346 3190; x_wconf 80' lang='lat' dir='ltr'>qualis</span> <span class='ocrx_word' id='word_1_151' title='bbox 369 3104 503 3172; x_wconf 81' lang='lat' dir='ltr'>Geticae</span> <span class='ocrx_word' id='word_1_152' title='bbox 527 3105 667 3170; x_wconf 84' lang='lat' dir='ltr'>satiatus</span> <span class='ocrx_word' id='word_1_153' title='bbox 690 3104 774 3168; x_wconf 90' lang='lat' dir='ltr'>lacte</span> <span class='ocrx_word' id='word_1_154' title='bbox 798 3100 950 3172; x_wconf 83' lang='lat' dir='ltr'>iuvencae</span> 
     </span>
     <span class='ocr_line' id='line_1_30' title="bbox 31 3193 1189 3280; baseline -0.016 -15"><span class='ocrx_word' id='word_1_155' title='bbox 31 3193 32 3274; x_wconf 57' lang='grc' dir='ltr'><strong>ᾗ</strong></span> <span class='ocrx_word' id='word_1_156' title='bbox 186 3193 369 3261; x_wconf 85' lang='lat' dir='ltr'>Sarmatica</span> <span class='ocrx_word' id='word_1_157' title='bbox 392 3195 498 3280; x_wconf 86' lang='lat' dir='ltr'>rigido</span> <span class='ocrx_word' id='word_1_158' title='bbox 523 3193 606 3258; x_wconf 88' lang='lat' dir='ltr'>ludit</span> <span class='ocrx_word' id='word_1_159' title='bbox 629 3194 663 3258; x_wconf 90' lang='lat' dir='ltr'>in</span> <span class='ocrx_word' id='word_1_160' title='bbox 687 3211 781 3257; x_wconf 88' lang='lat' dir='ltr'>amne</span> <span class='ocrx_word' id='word_1_161' title='bbox 804 3194 891 3272; x_wconf 89' lang='lat' dir='ltr'>rota,</span> <span class='ocrx_word' id='word_1_162' title='bbox 1188 3197 1189 3200; x_wconf 74' lang='grc'>’</span> 
     </span>
     <span class='ocr_line' id='line_1_31' title="bbox 31 3097 1066 3590; baseline -0.012 -238"><span class='ocrx_word' id='word_1_163' title='bbox 31 3295 33 3426; x_wconf 42' lang='lat' dir='ltr'>l</span> <span class='ocrx_word' id='word_1_164' title='bbox 127 3267 202 3385; x_wconf 56' lang='lat' dir='ltr'>[Sed</span> <span class='ocrx_word' id='word_1_165' title='bbox 225 3281 418 3369; x_wconf 87' lang='lat' dir='ltr'>Mytilenaei</span> <span class='ocrx_word' id='word_1_166' title='bbox 441 3303 553 3348; x_wconf 85' lang='lat' dir='ltr'>roseus</span> <span class='ocrx_word' id='word_1_167' title='bbox 578 3281 750 3369; x_wconf 83' lang='lat' dir='ltr'>mangonis</span> <span class='ocrx_word' id='word_1_168' title='bbox 775 3097 1066 3590; x_wconf 40' lang='lat' dir='ltr'>ephebum}</span> 
     </span>
    </p>
   </div>
   <div class='ocr_carea' id='block_1_16' title="bbox 31 3365 1056 3638">
    <p class='ocr_par' dir='ltr' id='par_1_19' title="bbox 31 3365 1056 3638">
     <span class='ocr_line' id='line_1_32' title="bbox 31 3365 1024 3440; baseline -0.007 -1"><span class='ocrx_word' id='word_1_169' title='bbox 31 3429 32 3432; x_wconf 63' lang='lat'>,</span> <span class='ocrx_word' id='word_1_170' title='bbox 97 3390 128 3440; x_wconf 81' lang='grc' dir='ltr'>ιο</span> <span class='ocrx_word' id='word_1_171' title='bbox 182 3372 247 3440; x_wconf 88' lang='lat' dir='ltr'>Vel</span> <span class='ocrx_word' id='word_1_172' title='bbox 269 3395 338 3438; x_wconf 88' lang='lat' dir='ltr'>non</span> <span class='ocrx_word' id='word_1_173' title='bbox 361 3394 473 3438; x_wconf 87' lang='lat' dir='ltr'>caesus</span> <span class='ocrx_word' id='word_1_174' title='bbox 498 3371 603 3437; x_wconf 88' lang='lat' dir='ltr'>adhuc</span> <span class='ocrx_word' id='word_1_175' title='bbox 627 3375 731 3435; x_wconf 88' lang='lat' dir='ltr'>matre</span> <span class='ocrx_word' id='word_1_176' title='bbox 753 3368 884 3432; x_wconf 82' lang='lat' dir='ltr'>iubente</span> <span class='ocrx_word' id='word_1_177' title='bbox 907 3365 1024 3434; x_wconf 88' lang='lat' dir='ltr'>Lacon.</span> 
     </span>
     <span class='ocr_line' id='line_1_33' title="bbox 31 3453 1056 3564; baseline -0.005 -36"><span class='ocrx_word' id='word_1_178' title='bbox 31 3479 33 3564; x_wconf 56' lang='lat' dir='ltr'>y</span> <span class='ocrx_word' id='word_1_179' title='bbox 123 3463 186 3527; x_wconf 42' lang='lat' dir='ltr'>”At</span> <span class='ocrx_word' id='word_1_180' title='bbox 209 3462 272 3528; x_wconf 89' lang='lat' dir='ltr'>tibi</span> <span class='ocrx_word' id='word_1_181' title='bbox 295 3462 426 3548; x_wconf 85' lang='lat' dir='ltr'>captivo</span> <span class='ocrx_word' id='word_1_182' title='bbox 449 3461 592 3527; x_wconf 84' lang='lat' dir='ltr'>famulus</span> <span class='ocrx_word' id='word_1_183' title='bbox 616 3461 766 3562; x_wconf 71' lang='lat' dir='ltr'>mittetur</span> <span class='ocrx_word' id='word_1_184' title='bbox 790 3455 831 3521; x_wconf 85' lang='lat' dir='ltr'>ab</span> <span class='ocrx_word' id='word_1_185' title='bbox 854 3455 985 3543; x_wconf 87' lang='lat' dir='ltr'>Histro,</span> <span class='ocrx_word' id='word_1_186' title='bbox 1049 3453 1056 3458; x_wconf 75' lang='grc'>”</span> 
     </span>
     <span class='ocr_line' id='line_1_34' title="bbox 184 3549 855 3638; baseline -0.009 -22"><span class='ocrx_word' id='word_1_187' title='bbox 184 3551 246 3629; x_wconf 80' lang='lat' dir='ltr'>Qui</span> <span class='ocrx_word' id='word_1_188' title='bbox 269 3549 459 3617; x_wconf 82' lang='lat' dir='ltr'>Tiburtinos</span> <span class='ocrx_word' id='word_1_189' title='bbox 483 3571 616 3638; x_wconf 85' lang='lat' dir='ltr'>poscere</span> <span class='ocrx_word' id='word_1_190' title='bbox 639 3551 855 3634; x_wconf 77' lang='lat' dir='ltr'>possitoves.</span> 
     </span>
    </p>
   </div>
   <div class='ocr_carea' id='block_1_17' title="bbox 0 0 1308 4034">
    <p class='ocr_par' dir='ltr' id='par_1_20' title="bbox 0 0 1308 4034">
     <span class='ocr_line' id='line_1_35' title="bbox 0 0 1308 4034; baseline 0 0"><span class='ocrx_word' id='word_1_191' title='bbox 0 0 1308 4034; x_wconf 95' lang='lat' dir='ltr'> </span> 
     </span>
    </p>
   </div>
  </div>
 </body>
</html>
