2610 4048
149 155 152 162 '
187 181 231 250 36
515 179 555 236 u.
573 160 659 236 van.
676 162 875 234 unumne
986 225 988 230 s

107 347 108 350 ’
231 345 331 412 Paret
354 343 523 430 purpureis
548 363 626 428 aper
649 341 814 428 capistris,

233 434 357 520 Turpes
381 433 495 500 esseda
518 430 605 516 quod
628 429 765 496 trabunt
786 429 935 496 bisontes
979 509 980 512 Ἴ

145 523 148 527 ’
233 523 280 590 Et
302 523 418 588 molles
441 521 518 587 dare
541 519 631 585 iussa
654 518 741 604 quod
764 517 899 584 choreas

140 631 145 638 ·
191 627 224 677 ιο
235 610 341 698 Nigro
365 612 462 676 belua
483 630 551 674 non
573 611 674 694 negat
697 607 869 694 magistro:

235 699 315 776 Quis
338 699 526 784 spectacula
546 718 614 762 non
635 700 729 782 putet
753 695 909 762 deorum?
1048 771 1050 774 Ι

234 787 324 854 Haeo
346 789 466 854 transit
488 791 611 869 tamen,
634 787 671 850 ut
693 785 833 864 minora,
857 782 1006 870 quisquis

148 898 149 902 ¹
193 887 194 890 ’
233 875 380 942 Venatus
403 875 543 942 humiles
566 875 655 940 videt
678 874 823 955 leonum,

203 997 204 1000 ¹
235 963 324 1040 Quos
347 965 442 1030 velox
465 965 613 1050 leporum
637 963 736 1028 timor
757 961 889 1048 fatigat.

192 1067 225 1118 1⁶
235 1051 439 1138 Dimittunt,r
452 1055 618 1138 repetunt,
641 1055 815 1135 amantque
839 1052 968 1137 captos,

235 1141 282 1207 ut
304 1141 448 1208 securior
471 1146 521 1206 est
544 1143 578 1206 in
601 1163 657 1207 ore
679 1139 829 1226 praeda,.

109 1298 111 1301 ,
235 1229 342 1296 Laxos
367 1230 418 1296 oui
441 1229 517 1294 dare
540 1230 734 1316 perviosque
756 1229 859 1295 rietus

236 1317 385 1384 Gaudent
408 1322 441 1383 et
464 1317 596 1384 timidos
618 1323 726 1383 tenere
751 1317 879 1398 dentes,

236 1405 370 1473 Mollem
392 1405 543 1494 frangere
567 1407 642 1472 dum
664 1407 765 1492 pudet
787 1404 950 1489 rapinam,
1148 1449 1175 1488 ,

192 1510 226 1562 ao
238 1493 358 1561 Stratis
382 1517 454 1560 oum
477 1495 572 1562 modo
596 1496 742 1560 vonerint
765 1492 929 1559 iuvencis..
1108 1499 1111 1504 '
1274 1499 1275 1520 l

226 1583 327 1650 Haeo
350 1583 523 1650 elementia
543 1606 611 1650 non
634 1587 770 1669 paratur
793 1585 877 1666 arte,

138 1711 140 1718 ·
238 1670 302 1739 Sed
323 1676 444 1738 nonunt
467 1675 520 1738 aui
542 1671 687 1738 serviant
710 1673 831 1737 leones.

666 1801 734 1871 GV.

235 1900 528 1982 ln-Nomentanis,
551 1900 660 1984 Ovidi,
683 1900 770 1986 qnod
792 1900 938 1966 nascitur
961 1900 1077 1986 arviss

96 2035 101 2041 -
206 2033 209 2038 -
251 1989 427 2075 ¹Accepit
441 1989 590 2075 quotiens
614 1993 762 2074 tempora
785 1989 899 2078 longa,
922 2011 1048 2055 merum
1104 2013 1106 2017 ·

237 2077 339 2144 Exuit
362 2099 486 2143 annosa
508 2099 615 2143 mores
637 2099 820 2163 nomenque
843 2081 987 2144 senecta:
1067 2143 1068 2146 ,
1130 2087 1136 2095 ’
1159 2133 1161 2137 .

280 2165 327 2231 Et
349 2166 505 2252 quidquid
526 2166 644 2252 voluit,
666 2170 753 2232 testa
775 2171 910 2233 vocatur
934 2189 1024 2233 anus.

659 2306 743 2374 CVI.

237 2411 423 2496 Inteiponis
446 2434 564 2498 aquam
589 2414 738 2499 subinde,
760 2413 858 2500 Rufo,

237 2500 335 2566 Etsi
359 2501 486 2588 cogeris
510 2525 529 2568 a
552 2503 677 2587 sodale,
700 2525 809 2569 raram
942 2538 945 2543 ·

202 2588 207 2596 '
238 2587 345 2652 Diluti
367 2589 453 2655 bibis
475 2591 603 2656 unciam
626 2590 766 2658 Falerni.

237 2674 403 2760 Numquid
426 2678 574 2762 pollicita
597 2681 733 2746 esttibi
757 2682 889 2747 beatam

96 2803 98 2808 Δ
212 2763 378 2832 oNootem
401 2765 528 2832 Naevia
550 2770 740 2854 sobriasque
763 2770 867 2836 mavis

239 2851 354 2919 Certae
375 2855 540 2940 nequitias
562 2857 761 2924 fututionis?

239 2939 405 3027 SuspiraS,
429 2945 560 3029 retices,
584 2947 701 3032 gemis:
724 2947 868 3034 negavit.

238 3028 377 3096 Crebros
401 3053 480 3119 ergo
503 3033 580 3098 lieet
603 3035 696 3100 bibas
720 3037 855 3100 trientes

237 3117 284 3184 Et
306 3119 421 3185 durum
443 3121 572 3207 iugules
596 3145 685 3188 mero
709 3123 863 3190 dolorem.

194 3223 227 3274 10
239 3207 322 3286 Quid
344 3209 452 3294 porois
476 3210 551 3296 tibi,
574 3210 681 3278 Rufe?
705 3212 930 3280 dormiendum
955 3215 1016 3279 eat.
1136 3266 1138 3270 ,

237 3435 340 3594 Saepsre
364 3441 446 3506 mihi
470 3441 563 3524 diois,
586 3341 857 3510 Lu⁰?lc⁷a1{·issime
879 3443 957 3530 Iuli,

279 3579 298 3613 ‚,
324 3529 411 3596 oribe
435 3529 559 3616 aliquid
582 3551 751 3618 magnum:
776 3531 956 3600 desidiosus
979 3533 1080 3603 bomo
1104 3527 1166 3602 aal‘
1274 3573 1275 3578 κ
