2528 4038
323 689 408 796 wn.
437 689 544 764 vnn.
575 688 836 764 nlnunms
909 701 915 749 ι
1041 637 1046 646 ’

171 1015 176 1022 ¹
293 865 900 1016 uarcunnnnuou

494 1077 628 1146 LIBER
650 1075 707 1144 IV.
806 1129 809 1136 .

586 1254 612 1321 Ι.

131 1361 285 1429 Caesaris
309 1362 396 1428 elma
418 1361 487 1428 dies
510 1366 544 1427 et
566 1361 638 1426 luce
662 1359 822 1428 sacratior
845 1359 919 1445 illa,

178 1449 320 1518 Conscia
341 1449 513 1516 Dictaeum
537 1472 602 1536 qua
624 1449 703 1514 tulit
725 1447 785 1514 Ida
808 1447 933 1534 Iovem,

132 1539 264 1626 Longa,
287 1559 416 1626 precor,
437 1537 597 1624 Pylioque
620 1539 695 1604 veni
717 1537 922 1604 numerosior
945 1559 1025 1604 aevo

179 1627 315 1714 Semper
339 1631 373 1694 et
394 1627 458 1694 hoc
480 1627 573 1692 vultu
596 1627 647 1692 vel
671 1626 804 1692 meliore
826 1626 904 1692 nite.

105 1716 198 1784 5Hic
221 1717 310 1782 colat
332 1715 464 1782 Albano
488 1715 660 1781 Tritonida
683 1716 805 1781 multus
828 1715 864 1780 in
886 1735 966 1782 auro

178 1805 306 1891 Perque
330 1827 446 1870 manus
469 1807 579 1869 tantas
603 1805 743 1890 plurima
766 1825 903 1890 quercus
926 1806 994 1887 eat3

114 1893 199 1964 lHic
222 1895 311 1960 colat
333 1893 461 1978 ingenti
484 1893 654 1958 redeuntia
677 1894 806 1959 saecula
827 1894 933 1958 lustro

178 1983 226 2048 Ht
249 2005 333 2068 quae
356 1981 533 2047 Romuleus
558 2003 651 2047 sacra
674 1981 833 2046 Tarentos
855 1979 965 2046 habet.

88 2147 90 2150 ¹
130 2069 259 2158 Magna
282 2069 427 2155 quidem,
446 2070 570 2155 superi,
591 2069 748 2155 petimus,
766 2069 823 2135 sed
841 2070 952 2135 debita
975 2069 1085 2135 terris:

85 2153 122 2226 ἰο
180 2160 247 2226 Pro
270 2164 365 2225 tanto
389 2181 472 2246 quae
496 2163 574 2223 sunt
595 2158 746 2244 improba
768 2162 846 2224 vota
869 2158 952 2224 deo?

577 2316 621 2383 Il.

133 2424 316 2512 Spectabat
337 2425 433 2492 morlo
458 2426 545 2491 solus
569 2424 791 2490 interamnae

135 2515 252 2602 Nigris
276 2537 395 2580 munus
417 2513 576 2580 Horatius
599 2513 752 2597 lacernis,

38 2649 43 2658 ·
135 2603 221 2672 Cum
243 2604 339 2692 plebs
362 2607 396 2668 et
417 2603 525 2669 minor
548 2600 627 2668 ordo
650 2601 875 2687 maximusque

134 2693 258 2760 Sancto
282 2714 355 2760 cum
379 2691 458 2757 duce
481 2691 636 2757 candidus
660 2689 794 2755 sederet

107 2781 222 2848 5'l'oto
244 2781 300 2847 nix
324 2780 441 2846 cecidit
463 2782 597 2867 repente
620 2779 723 2844 caelo:

134 2871 232 2944 Albia
256 2872 384 2955 spectat
406 2867 565 2936 Horatius
588 2867 737 2933 lacernis.
858 2925 860 2929 .

133 3137 257 3224 Aspice
280 3157 379 3224 quam
403 3137 540 3204 densum
562 3137 737 3200 tacitarum
760 3134 864 3200 vellus
889 3156 1048 3220 aquarum

179 3225 312 3292 Defluat
335 3225 370 3291 in
392 3225 502 3292 vultus
527 3223 676 3291 (laeseris
699 3224 798 3308 inque
821 3223 920 3290 sinus.

133 3315 290 3402 Indulget
312 3319 426 3380 tamen
447 3315 504 3380 ille
526 3313 612 3397 Iovi,
634 3334 694 3378 neo
717 3313 838 3378 vertice
861 3316 951 3379 moto

180 3402 357 3470 Concretas
380 3404 476 3490 pigro
497 3403 620 3488 frigore
643 3399 728 3466 ridet
749 3422 865 3487 aquas,

108 3490 232 3558 tsidus
256 3491 463 3578 Hyperborei
487 3491 606 3561 solitus
630 3491 754 3556 lassare
777 3489 903 3556 Bootae
1043 3487 1046 3496 ’

180 3581 227 3648 Et
249 3581 387 3648 madidis
411 3581 547 3650 Helicen
571 3579 779 3646 dissimulare
802 3578 914 3646 comis.

911 3679 949 3737 οὑ
