2610 4048
164 187 186 256 6
450 261 454 268 ,
497 186 535 248 n
554 186 851 244 vicmannus

253 350 299 418 Et
323 373 421 438 supra
444 355 554 417 vatem
577 349 684 416 multa
705 350 859 438 pependit
882 350 967 430 avis,

208 439 284 528 Ipse
309 441 365 508 sed
387 440 518 527 ingrato
542 437 642 506 iacuit
664 438 826 506 laceratus
851 439 892 506 ab
915 461 1002 506 urso.

253 529 344 596 Haeo
366 533 491 614 tamen,
513 529 594 594 haec
617 549 669 594 res
693 533 743 594 est
765 527 854 596 iacta
876 527 938 612 ila,
960 527 1037 594 ficta
1061 528 1166 614 prior.

600 650 691 732 XXI,
715 651 747 718 b.

102 797 103 800 =
209 757 340 825 Ohea
363 758 450 844 quod
473 757 583 824 subito
606 757 706 824 tellus
729 758 839 824 emisit
860 755 967 841 hiatu,
1095 779 1099 788 ·

256 935 257 938 Ἴ
292 847 434 914 'amurl
457 848 677 922 mersarenit
701 847 743 913 ab
766 846 938 932 Eurydice.

622 969 726 1038 XXII.

68 1147 78 1156 ,
210 1073 398 1144 Sollicitant
421 1077 531 1164 pavidi
554 1077 630 1144 dum
652 1078 859 1145 rhinocerota
883 1075 1034 1166 magistri

181 1206 182 1210 =
256 1162 361 1252 Seque
384 1165 440 1232 diu
462 1187 602 1254 magnas
625 1167 753 1253 colligit
775 1167 826 1232 ira
848 1166 951 1251 ferae,

211 1252 479 1342 Desperabantur
502 1255 802 1340 promissisproelia
825 1252 956 1340 Martis3

256 1339 320 1408 Sed
342 1343 475 1410 tandem
497 1344 595 1410 rediit
617 1345 769 1430 cognitus
793 1347 869 1410 ante
893 1344 993 1410 furor.

185 1429 361 1518 oNamque
387 1455 521 1520 gravem
546 1455 644 1499 cornu
668 1432 798 1519 gemino
822 1432 870 1500 sic
888 1433 1007 1498 extulit
1029 1453 1159 1517 ursum,

255 1517 361 1588 Iactat
383 1524 421 1587 ut
443 1522 604 1608 inpositas
628 1525 742 1586 taurus
765 1519 800 1584 in
823 1524 913 1588 astra
934 1521 1029 1608 pilas.

610 1643 732 1711 XXIII.

210 1749 334 1817 Norica
356 1774 455 1838 qnam
477 1754 566 1818 certo
589 1751 751 1818 venabula
775 1750 888 1838 dirigit
910 1751 977 1818 ictu

255 1838 365 1906 Fortis
389 1840 493 1907 adhuc
515 1841 620 1906 teneri
644 1840 776 1906 dextera
799 1838 1016 1926 Carpophori!
1096 1849 1098 1854 '

118 1939 120 1944 “
212 1927 275 1994 Ille
297 1929 375 1994 tulit
399 1930 546 2015 geminos
570 1929 659 1994 facili
681 1930 805 1996 cervice
827 1929 994 2010 iuvencos,
1085 1965 1087 1970 ·

33 2075 35 2078 .
150 2063 151 2066 η
256 2015 312 2082 Illi
334 2018 433 2082 cessit
456 2022 550 2083 atrox
573 2017 712 2082 bubalus
735 2022 833 2102 atque
855 2017 963 2083 bisen:

85 2152 112 2157 =-
140 2135 143 2142 ¹
185 2103 306 2172 oHunc
330 2105 382 2172 leo
406 2128 480 2172 cum
502 2105 644 2192 lugeret,
667 2127 822 2192 praeceps
845 2106 880 2172 in
903 2106 971 2172 tela
996 2109 1149 2175 cucurrit.

254 2194 379 2261 Inunc
403 2199 436 2260 et
458 2195 564 2261 lentas
588 2193 728 2280 corripe,
750 2195 862 2279 turba,
886 2217 1003 2262 moras.

613 2323 732 2394 XXIV.

211 2422 246 2490 si
270 2424 342 2510 quis
366 2424 443 2492 ades
466 2425 576 2512 longis
601 2447 690 2492 serus
714 2428 880 2510 spectator
902 2425 943 2492 ab
967 2425 1048 2511 oris,
1298 2457 1299 2470 ¹

259 2512 319 2580 Oui
342 2513 397 2578 lux
421 2514 527 2598 prima
551 2514 636 2580 sacri
658 2514 801 2580 muneris
824 2515 890 2580 ista
912 2515 988 2600 fuit,
1036 2583 1038 2586 ,

213 2599 264 2668 Ne
287 2607 320 2668 te
345 2602 486 2686 decipiat
507 2603 634 2668 ratibus
657 2603 783 2668 navalis
807 2603 901 2689 Enyo

256 2689 302 2756 Ec
325 2713 385 2778 par
408 2692 495 2756 unda
517 2691 625 2774 fretis,
648 2692 700 2757 hic
718 2692 825 2759 modo
838 2700 927 2758 terra
950 2691 1022 2758 fuit.
1100 2743 1107 2758 .
1298 2763 1299 2784 ἦ

184 2778 287 2846 sNon
310 2779 436 2846 credis?
466 2783 591 2866 specta,
615 2780 692 2846 dum
714 2781 843 2846 lassant
866 2803 1007 2866 aequora
1030 2779 1187 2848 Martem:

255 2868 362 2940 Parva
384 2891 477 2934 mora
501 2874 560 2954 est,
584 2869 669 2936 dices
692 2867 773 2952 „Hic
796 2869 893 2936 modo
918 2873 1037 2954 pontus
1061 2872 1164 2937 erat.“
1298 2899 1299 2904 ¹

624 3009 725 3076 XXV.

211 3115 305 3194 Quod
327 3120 486 3184 nocturna
510 3117 587 3201 tibi,
609 3115 769 3201 Leandro,
791 3117 975 3203 pepercerit
998 3117 1084 3186 unda

255 3205 376 3272 Desine
400 3205 524 3274 mirari:
548 3205 696 3274 Caesaris
719 3207 806 3272 unda
828 3207 899 3274 fuit.
932 3267 957 3274 ..
991 3231 992 3234 ¹

490 3391 494 3397 «
599 3347 701 3433 xxu
724 3349 755 3414 u.

212 3453 295 3522 Cum
318 3460 444 3542 peteret
467 3451 575 3522 dulces
600 3455 705 3521 audax
727 3454 893 3521 Leandros
918 3477 1045 3521 amores
1181 3533 1182 3536 Ἴ

229 3601 231 3606 .
257 3543 302 3609 Et
324 3545 430 3610 lessus
454 3544 589 3610 tumidis
612 3545 679 3610 iam
701 3548 904 3632 premeretur
928 3545 1035 3628 aquis,
