2596 4032
385 213 685 271 EPIGRAMMATON
702 211 773 272 LIB.
791 212 837 268 Xl.
1059 215 1124 281 273

528 315 721 444 'anund‘

146 463 203 530 Nil
227 465 310 532 mihi
333 464 392 530 das
416 465 523 552 vivus,
546 466 627 532 dieis
650 465 821 551 postlata
843 466 1004 531 daturum.

193 551 229 620 si
252 577 318 620 non
343 576 377 650 as
401 555 538 642 stultus,
561 556 639 637 seis,
662 554 771 667 Mara,
795 555 872 640 quid
896 555 1035 640 cupiam.

147 773 255 842 Parva
265 797 364 862 rogas
375 798 526 863 magma,
537 685 760 842 &difflant
770 775 850 842 haec
861 798 987 864 quoque
1001 777 1123 863 magni.

192 862 240 931 Ut
262 865 383 950 pudeat
405 866 509 932 levius
533 870 581 952 te,
603 865 733 951 Matho,
757 887 877 952 magna
899 884 989 950 roga

148 1085 453 1171 Amphitheatrales
477 1088 563 1152 inter
586 1086 714 1152 nutrita
737 1085 913 1172 magistros

193 1173 367 1259 Venatrix,
391 1175 480 1241 silvis
505 1197 634 1260 aspera,
657 1173 779 1240 blanda
802 1173 903 1258 domi,

148 1261 255 1348 Lydia
277 1263 422 1350 dicebar,
445 1264 576 1330 domino
599 1263 759 1329 fidissima
781 1261 921 1346 Dextro,

195 1351 258 1429 Qui
280 1374 347 1418 non
369 1353 533 1440 Erigones
558 1353 672 1418 mallet
695 1351 816 1418 habere
840 1372 968 1438 canem,

124 1440 220 1507 tNee
245 1442 300 1527 qui
324 1441 461 1507 Dictaea
485 1441 667 1528 Cephalum
691 1441 729 1506 de
754 1443 852 1528 gente
876 1445 1004 1508 secutus

194 1529 363 1596 Luciferae
386 1532 511 1616 pariter
533 1531 625 1596 venit
647 1530 688 1596 ad
711 1534 802 1595 astra
825 1529 911 1596 deae.
1019 1611 1023 1618 ⁵

148 1618 227 1684 Non
249 1641 301 1684 nra
325 1619 426 1704 longa
450 1620 518 1684 dies
541 1641 601 1685 nee
624 1619 750 1684 inutilis
775 1619 913 1684 abstulit
937 1621 1041 1704 aetas,

195 1708 313 1784 Qualia
336 1707 490 1774 Dulichio
514 1708 585 1773 fata
608 1708 697 1773 fuere
721 1707 807 1773 cani:

95 1833 98 1838 -
149 1795 321 1861 Fulmineo
345 1797 530 1882 spumantis
554 1798 721 1881 aprinum
746 1796 842 1861 dente
863 1799 1048 1882 perempta,

104 1901 138 1962 10
195 1884 344 1961 Quantus
368 1890 452 1969 erat,
477 1885 639 1970 Calydon,
662 1890 732 1968 aut,
755 1885 971 1970 Erymantho,
994 1889 1079 1950 tuus.

149 1972 180 2038 N
183 1995 218 2039 ee
233 1996 352 2058 queror
371 1975 517 2040 infernas
532 1974 681 2060 quamvis
700 1973 765 2040 cito
784 1975 890 2058 rapta
901 1975 961 2039 sub
977 1973 1122 2039 umbras:

131 2077 152 2088 ’·
193 2062 270 2128 Non
293 2063 386 2146 potui
409 2063 480 2130 fato
503 2064 665 2128 nobiliore
687 2061 780 2128 mori

149 2282 313 2366 Vendere,
335 2283 456 2369 Tueea,
478 2288 572 2368 potes
596 2283 740 2350 centenis
764 2283 897 2348 milibus
921 2281 1071 2368 emptos?

90 2389 95 2396 '
195 2371 369 2438 Florentes
393 2372 542 2438 dominos
566 2372 718 2458 vendere,
740 2371 861 2454 Tucca,
884 2372 1000 2457 potes?

149 2459 276 2527 Necte
299 2461 493 2544 blanditiae,
515 2482 574 2526 nee
599 2462 699 2532 verba
721 2459 858 2526 rudesve
882 2461 1058 2546 querellae,

195 2549 265 2615 Nee
288 2553 321 2616 te
345 2551 440 2616 dente
463 2553 520 2615 tuo
544 2550 655 2615 saucia
673 2549 760 2615 colla
782 2550 938 2616 movent?

123 2637 206 2704 aAh
227 2637 368 2704 facinus!
393 2639 504 2704 tunica
527 2641 619 2724 patet
640 2639 761 2724 inguen
783 2639 948 2724 utrimque
971 2639 1091 2720 levata,

194 2727 429 2814 Aspiciturque
450 2731 508 2792 tua
530 2727 676 2792 mentula
698 2727 786 2793 faeta
809 2750 917 2794 manu.

151 2814 187 2882 Si
210 2820 243 2881 te
267 2816 409 2882 delectat
432 2819 606 2881 numerata
627 2815 777 2901 pecunia,
800 2816 903 2882 vende

53 2927 57 2932 ·
170 2939 172 2942 ·
194 2903 391 2990 Argentum,
414 2927 557 2989 mensas,
581 2905 739 2991 murrina,
762 2927 852 2990 rura,
875 2904 1023 2990 domum

147 2992 262 3059 Vende
287 3015 378 3060 arene
404 3015 528 3078 servos,
552 2994 736 3078 ignoscent,
759 2994 861 3060 vende
884 2999 1053 3080 paternos:

103 3101 138 3150 ιο
193 3082 244 3148 Ne
267 3105 386 3169 pueros
409 3083 545 3167 vendas,
568 3083 679 3148 omnia
701 3083 817 3168 vende,
841 3083 949 3150 miser.

134 3169 1122 3258 Luxuriaestemerehos-quisenimdubitatvenegatve?-.

195 3257 258 3326 Sed
283 3261 388 3327 multo
411 3261 517 3328 maior
540 3261 677 3326 vendere
700 3259 829 3326 luxuria
853 3265 912 3326 est.

554 3391 671 3459 anxi.
790 3352 836 3451 d

147 3481 356 3568 Hystericam
378 3482 488 3548 vetulo
514 3504 548 3548 se
572 3483 699 3548 dixerat
722 3502 792 3547 esse
815 3481 934 3547 marito

191 3573 238 3638 Et
261 3571 408 3657 queritur
431 3569 517 3638 futui
539 3571 627 3638 Leda
651 3591 782 3636 necesse
806 3569 883 3655 sibi3

153 3686 236 3728 Mna.
926 3676 960 3728 18
