2610 4048
185 213 230 280 20
515 211 554 272 Μ.
572 211 653 272 VAL.
672 211 874 270 mannans

662 375 730 444 XL.
855 371 859 378 Ι
955 349 959 358 .

78 534 79 538 ,
159 567 161 570 ι
209 479 294 560 Ουὶ
316 481 406 549 ducis
429 485 539 550 vultus
563 485 597 550 et
617 504 684 550 non
707 481 791 570 legis
815 483 881 550 ista
903 484 1059 570 libenter,

276 569 436 638 Omnibus
459 573 618 657 invideas,
641 572 753 658 livide,
775 595 871 640 nemo
896 573 966 642 tibi.

537 711 538 714 ’
651 711 736 779 XLI.

230 817 384 887 Urbanus
407 819 484 902 tibi,
507 817 641 904 Caecili,
663 818 791 896 uideris.

231 907 308 974 Non
331 929 379 993 es,
401 909 494 975 crede
518 907 607 974 mihi.
652 905 737 982 Quid
760 907 862 996 ergo?
884 929 998 994 verna,

230 995 303 1063 Hoc
326 996 412 1082 quod
434 995 685 1064 transtiberinus
709 996 909 1082 ambulator,

142 1132 143 1135 ,
231 1084 295 1162 Qui
316 1085 476 1171 pallentia
498 1085 693 1172 sulphurata
713 1083 827 1152 fractis

205 1171 401 1240 cPermutat
423 1175 550 1259 vitreis,
574 1174 660 1260 quod
683 1175 809 1240 otiosae

230 1260 353 1328 Vendit
376 1262 432 1346 qui
455 1262 622 1328 madidum
645 1263 728 1329 cicer
751 1285 905 1347 coronae,

231 1349 324 1428 Quod
338 1354 458 1416 custos
482 1350 694 1436 dominusque
717 1353 917 1437 viperarum,
1041 1353 1043 1357 ’

232 1439 326 1516 Quod
349 1439 429 1504 viles
451 1440 545 1525 pueri
568 1421 776 1526 salariolam,

231 1526 324 1604 Quod
348 1528 510 1594 fumantia
533 1529 588 1614 qui
612 1529 756 1594 tomacla
779 1549 905 1617 raucus

188 1634 222 1684 10
233 1615 427 1683 Circumfert
450 1615 569 1703 tepidis
593 1639 687 1684 cocus
710 1617 855 1703 popinis,

231 1705 325 1782 Quod
346 1703 413 1772 nou
435 1706 577 1792 optimus
601 1706 731 1772 urbicus
754 1711 866 1792 pcata,
908 1715 909 1718 ’

214 1793 323 1872 'Quod
347 1794 386 1860 de
409 1792 554 1862 Gadibus
577 1794 745 1880 improbus
768 1795 941 1882 magister,

231 1881 325 1960 Quod
347 1883 449 1950 bucca
472 1887 523 1949 est
545 1883 648 1960 vetuli
672 1883 764 1950 dicax
788 1883 923 1950 cinaedi.
998 1905 1011 1936 t

172 2036 180 2052 .,
231 1969 337 2048 Quare
360 1971 471 2038 desine
492 1972 559 2038 iam
581 1972 645 2038 tibi
666 1971 782 2056 videri,
860 2049 861 2052 Ἴ
905 2049 908 2054 ¹

71 2128 73 2132 ,
188 2045 325 2136 aa'cuoa
348 2061 411 2125 sou
433 2061 508 2144 aaut,
532 2057 666 2144 caesui,
689 2059 822 2145 viseris,

231 2147 294 2225 Qui
317 2146 467 2214 Gabbam
491 2149 614 2214 salibus
637 2145 760 2214 tuis‘ct
782 2146 890 2232 ipsum

229 2236 348 2304 Posses
371 2236 499 2304 vincere
522 2235 667 2302 Tettium
689 2235 873 2304 Cuballum.

229 2324 307 2392 Non
329 2325 505 2412 cuicunque
529 2325 643 2392 datum
665 2329 716 2390 est
739 2325 859 2391 habere
881 2347 1012 2392 nasum:

230 2413 330 2480 Ludit
353 2413 408 2498 qui
432 2415 551 2480 stolida
573 2415 786 2500 procacitate,

186 2501 308 2571 acNon
330 2507 381 2568 est
403 2503 532 2568 Tettius
555 2503 626 2589 ille,
649 2503 706 2570 sad
729 2503 883 2569 caballus.

642 2661 745 2729 XLII.

230 2768 387 2856 Coniugis
411 2769 555 2836 audisset
576 2769 682 2836 fatum
705 2792 779 2836 cum
801 2768 917 2835 Porcia
939 2768 1034 2834 Bruti
1101 2840 1102 2843 Ἴ

274 2857 320 2932 Et
343 2859 512 2926 subtracta
534 2859 598 2924 sibi
622 2863 792 2944 quaereret
814 2879 904 2923 arma
928 2857 1035 2940 dolor,

229 2945 402 3033 „Nondum
425 2947 536 3014 scitis“
560 2948 607 3014 ait
629 2953 787 3033 „mortem
810 2968 876 3014 non
899 2967 995 3030 posse
1018 2948 1162 3034 negari?
1299 3013 1300 3018 ,

275 3033 495 3118 Credideram‚
518 3036 596 3102 fatis
619 3037 682 3103 hcc
705 3036 852 3102 docuisse
875 3035 1032 3120 patrem.“

203 3123 323 3191 sDixic
346 3129 379 3188 et
402 3125 553 3190 ardentes
577 3125 672 3192 avido
696 3125 781 3191 bibit
803 3145 859 3190 ore
882 3123 1022 3189 favillas.

272 3211 398 3278 Inunc
421 3215 455 3278 et
477 3213 613 3299 ferrum,
636 3215 734 3280 turba
756 3213 908 3298 molesta,
930 3233 1023 3299 nega

492 3385 495 3389 “
631 3371 749 3439 XLI.

228 3475 286 3544 Bis
309 3477 371 3543 tibi
393 3476 511 3544 triceni
533 3475 668 3560 fuimus,
691 3373 855 3564 bibacius,
878 3479 986 3546 vocati
1067 3505 1090 3528 ‘-

273 3564 318 3631 Ec
340 3567 485 3652 positum
509 3569 560 3632 cst
582 3567 677 3632 nobis
699 3568 748 3632 nil
771 3568 847 3634 here
870 3574 1000 3654 praeter
1023 3592 1154 3656 aprum,
1246 3621 1248 3623 .
