2528 4038
359 239 657 297 EPIGRAMMA'I'ON
675 239 744 299 LIB.
763 240 810 298 lv.
1051 241 1095 310 85

13 417 14 424 ’
119 405 180 473 Sed
203 407 272 472 iam
296 403 441 472 causaris
464 403 667 493 barbamque
691 426 859 491 annosque
881 405 1039 494 pilosque.

162 495 189 562 Ο
212 517 279 562 nox
302 515 401 580 quam
424 493 527 582 longa
550 515 598 579 ee,
622 515 705 580 quae
728 493 810 561 facia
832 517 900 562 una
922 496 1049 562 senem!

95 584 203 663 cQuid
224 605 288 650 nos
312 582 462 648 derides?
485 583 565 648 hera
588 585 644 670 qui
667 603 760 668 puer,
783 581 897 670 Hylle,
920 582 1025 669 iuieti,

161 674 224 740 Dic
245 671 365 757 nobis,·
379 671 477 737 hodie
501 693 566 758 qua
587 671 716 740 ratione
738 674 790 739 vir
812 673 870 740 aa?

539 801 631 870 VIII.

120 893 231 961 Prima
254 893 436 960 salutantes
461 898 559 980 atque
583 894 687 960 altera
709 894 850 960 conterit
872 893 968 980 hora,

162 984 306 1050 Exercet
328 1003 446 1048 raucos
469 983 570 1048 tertia
592 983 785 1068 causidicos,

119 1071 158 1138 ln
181 1072 332 1158 quintam
354 1073 464 1138 varica
488 1071 634 1138 extendit
655 1071 762 1138 Roma
784 1071 928 1158 labores,

163 1160 262 1228 Sexta
286 1161 377 1246 quies
401 1158 512 1244 lassis,
535 1161 676 1246 septima
699 1159 774 1226 linia
797 1159 875 1244 crit,

96 1249 251 1316 esuflicit
273 1249 309 1314 in
331 1269 453 1314 nonam
476 1248 588 1314 nitidis
612 1253 728 1316 octava
751 1248 939 1335 palaestris,

163 1339 310 1423 Imperat
332 1341 500 1403 extructos
523 1337 675 1424 frangere
697 1359 786 1404 nona
807 1342 912 1406 toros:

119 1427 212 1494 Hora
234 1426 423 1512 libellorum
446 1424 572 1492 decima
594 1430 659 1511 est,
681 1425 866 1512 Euphemc‚
888 1447 1048 1512 meorum,

164 1517 342 1602 Temperat
365 1515 547 1581 ambrosiae
571 1535 645 1581 cum
669 1520 727 1580 tua
749 1537 828 1581 cura
850 1515 951 1601 dapes

119 1606 164 1672 Et
186 1607 292 1672 bouus
316 1603 462 1672 aetherio
485 1603 616 1669 laxatur
638 1609 769 1671 nectare
792 1602 914 1670 Caesar

82 1712 111 1760 ιο
163 1694 362 1780 Ingentique
384 1696 476 1760 tenet
498 1691 616 1778 pocula
638 1713 739 1778 parea
759 1713 868 1760 mauu.

121 1784 211 1850 Tunc
235 1784 370 1850 admitte
393 1783 498 1849 iocos:
521 1801 635 1867 gressu
658 1781 753 1847 timet
773 1781 823 1849 irc
845 1781 958 1849 licenti

163 1873 218 1939 Ad
241 1872 439 1938 matutinum
462 1879 578 1936 nostra
601 1869 719 1938 Thalia
741 1869 863 1937 Iovem.

556 2001 614 2070 IX.

121 2093 220 2160 Sotae
242 2091 313 2159 filia
336 2091 457 2178 clinici,
480 2089 635 2177 Labulla,

120 2181 258 2249 Deserto
283 2181 428 2268 sequeris
451 2179 585 2268 Clytum
608 2180 728 2250 marito

123 2271 168 2337 Et
190 2271 294 2338 donas
317 2273 353 2341 et
373 2292 478 2337 amas:
502 2271 587 2356 ἔχεις
610 2268 754 2348 ἀσώτως.

566 2399 598 2468 Χ

125 2491 207 2560 Dum
225 2514 328 2559 novus
348 2495 474 2560 estnec
493 2491 599 2558 adbuc
616 2513 693 2558 rasa
711 2491 792 2558 mihi
815 2491 923 2560 fronte
946 2491 1094 2580 libellus,

166 2581 294 2668 Pagina
316 2580 393 2646 dum
415 2580 509 2665 tangi
531 2601 598 2648 non
620 2580 702 2646 bene
727 2581 813 2654 sicca
834 2581 942 2664 timet,
1023 2577 1027 2586 '

122 2669 138 2735 Ι
160 2693 242 2758 puer
265 2674 299 2736 et
322 2690 397 2735 caro
420 2669 530 2754 perfer
551 2668 624 2735 levc
646 2691 765 2736 munus
789 2670 907 2757 amico,

165 2760 229 2838 Qui
252 2758 372 2824 meruit
394 2779 499 2844 nugas
523 2759 647 2843 primus
670 2757 792 2826 babere
815 2781 915 2827 meaa.

99 2847 238 2934 acerra,
262 2847 319 2913 sed
341 2846 536 2914 instructus:
560 2847 733 2914 comitetur
756 2845 879 2915 Punica
900 2848 1022 2916 librum

164 2933 336 3024 Spongca:
360 2936 548 3002 muneribus
572 2938 725 3002 convenit
747 2936 808 3002 illa
830 2937 923 3005 meia.

121 3026 196 3093 Nun
218 3028 359 3114 possunt
381 3026 513 3092 nostros
536 3026 675 3112 multae,
697 3025 868 3111 Faustina,
891 3025 1010 3094 liturae

163 3113 347 3182 Emendare
369 3113 475 3182 iocos:
498 3136 563 3180 una
586 3115 686 3182 litura
708 3118 828 3202 potest

559 3247 608 3314 XI

122 3335 207 3403 Dum
230 3335 369 3402 nimium
391 3357 477 3403 vanc
499 3337 696 3404 tumefactus
715 3337 844 3405 nominc
866 3336 987 3424 gaudes

163 3425 209 3492 Et
233 3423 448 3491 Saturninum
471 3429 505 3490 te
527 3425 630 3512 pudet
652 3449 737 3513 ease,
760 3427 872 3510 miser,

121 3513 226 3604 Impia
249 3513 427 3580 Parrhasia
450 3515 583 3581 movisti
605 3516 695 3583 bella
717 3515 778 3582 sub
801 3535 891 3600 urea,

166 3603 286 3685 Qualia
309 3603 366 3691 qui
389 3603 530 3670 Phariae
553 3604 701 3692 coniugis
725 3625 818 3669 arma
840 3601 926 3670 tulit
