2528 4038
213 225 279 293 110
538 223 679 282 ιιιιι.
698 219 900 281 munere

678 384 766 454 xlv,

255 495 373 564 Sedere
396 495 503 581 primo
526 493 643 560 solitus
665 493 701 559 in
724 491 828 581 gradu
851 515 979 578 semper

255 585 359 668 Tunc,
382 605 455 650 cum
478 583 593 648 liceret
616 603 787 666 occupare,
811 581 977 648 Nanneius

254 671 313 739 Bis
336 673 497 739 excitatus
522 677 634 756 terque
657 671 830 737 transtulit
853 675 976 754 castra,

253 761 300 829 nt
322 761 409 827 iuter
431 760 520 845 ipsas
544 781 647 846 paene
669 759 788 824 tertius
809 760 911 825 sellas

228 849 335 918 sPost
358 847 540 934 Gaiumque
563 847 763 934 Luciumque
786 848 939 914 consedit.

254 939 348 1008 Illinc
372 939 498 1004 cucullo
522 937 683 1024 prospicit
705 941 804 1021 caput
826 940 932 1003 tectus

193 1065 198 1074 ·
255 1027 422 1113 Oculoque
445 1025 540 1093 ludos
564 1048 639 1112 spec
640 1030 692 1092 tat
640 1025 866 1092 tindecens
889 1047 963 1091 uno.

254 1117 302 1184 nt
324 1116 400 1182 hino
423 1114 523 1182 miser
546 1113 721 1182 deiectus
711 1137 747 1179 ιιι
768 1115 856 1180 viam
880 1114 1013 1198 transit,
1120 1113 1123 1118 ’

255 1203 483 1290 Subsellioque
507 1203 692 1271 semifultus
717 1209 861 1270 extremo

212 1310 245 1360 ιο
255 1294 302 1360 Et
324 1295 409 1360 male
432 1298 543 1378 recept
545 1315 583 1358 us
529 1293 654 1359 ttal
640 1297 711 1360 tero
735 1313 821 1380 genu
844 1292 946 1358 iactat

254 1381 370 1468 Equiti
393 1381 503 1450 sedere
526 1379 600 1447 Leit
586 1385 683 1468 toque
707 1403 741 1446 sc
765 1385 862 1446 stare.

631 1573 751 1642 XV.

255 1679 396 1759 Quintus
419 1688 606 1750 nostrorum
629 1683 714 1750 liber
737 1688 801 1766 est,
823 1681 954 1770 August
956 1704 986 1765 e,
1008 1680 1159 1760 iocorum,

298 1769 346 1837 Et
368 1773 513 1857 queritur
535 1771 644 1838 laesus
667 1772 811 1838 carmine
834 1793 930 1837 nemo
954 1792 1040 1855 meo,

178 1908 181 1913 ·
215 1853 384 1925 Gaudet
405 1859 566 1926 honorato
590 1862 647 1926 sed
669 1860 792 1926 multus
816 1861 948 1926 nomine
971 1822 1085 1940 lector,

299 1947 361 2014 (lui
383 1949 510 2014 victura
532 1971 605 2015 meo
628 1969 760 2014 munere
783 1949 872 2014 famu
895 1948 999 2014 detur.

226 2054 243 2103 ι
251 2034 558 2122 Qurdtameuhaec
566 2043 702 2122 prosunt
710 2059 858 2124 quamvis
866 2027 1209 2104 venerantiamultosl‘

298 2123 373 2192 Nou
394 2127 523 2212 prosint
546 2148 638 2212 sane,
661 2147 712 2192 mc
736 2131 847 2192 tamen
869 2126 934 2192 ista
957 2128 1080 2192 iurant.

671 2317 760 2386 ιιι.
869 2301 871 2306 ’

254 2424 348 2494 Seria
371 2447 444 2492 cum
466 2426 604 2512 possim,
628 2426 714 2513 quod
738 2426 934 2494 delectantia
956 2428 1044 2494 malo

299 2513 459 2600 Scribere,
483 2520 520 2669 tq
544 2537 642 2582 causa
665 2538 714 2598 es,
736 2516 838 2582 lector
860 2517 976 2599 amice,
1000 2517 1091 2598 mihi,

253 2601 317 2682 Qui
341 2603 424 2691 legis
448 2607 519 2669 ιιι
520 2609 711 2670 otacantas
736 2627 808 2670 mea
831 2605 977 2672 carmina
999 2604 1115 2671 Roma:

298 2689 361 2758 Sed
383 2693 505 2775 nescis,
528 2695 716 2779 quantis
666 2697 732 2758 ιιιι
683 2693 837 2758 ttmihi
859 2694 938 2760 talis
962 2716 1063 2759 amor.

226 2779 389 2847 oNam
363 2803 392 2847 ιι
414 2744 556 2847 foleileri
578 2782 749 2848 defendere
772 2783 898 2870 templa
920 2782 1078 2850 Tonantis

297 2867 516 2954 Sollicitisque
538 2872 635 2936 velim
659 2871 797 2936 vendere
820 2873 922 2936 rerba
944 2872 1024 2955 reis,
1097 2903 1099 2910 ,

250 2955 415 3026 Plurimus
438 2957 604 3044 Hispanas
628 2961 740 3026 mittet
762 2959 843 3025 mihi
866 2965 966 3026 nauta
990 2964 1140 3026 metretas

295 3046 341 3114 Et
363 3049 421 3113 fiet
443 3049 534 3114 vario
559 3049 706 3116 sordidus
731 3071 805 3115 aere
829 3050 927 3114 sinus.

249 3134 297 3202 At
318 3158 404 3204 nuno
428 3137 564 3203 conviva
588 3142 639 3204 est
662 3138 817 3204 comissat
820 3159 920 3292 ortque
944 3137 1088 3221 libellus,

208 3241 241 3290 ιο
296 3229 337 3290 nt
359 3229 433 3290 tant
436 3247 489 3290 um
513 3227 617 3311 gratis
641 3249 706 3314 pag
709 3228 763 3292 ina
785 3231 861 3293 nost
862 3249 899 3292 ra
922 3227 1037 3310 placet

251 3310 312 3379 Sed
336 3335 403 3380 non
425 3320 459 3380 et
473 3320 608 3416 'veteres
632 3317 779 3383 contenti
752 3317 896 3382 tlaude
918 3316 1064 3401 fuerunt,

296 3400 377 3468 Cum
401 3403 573 3472 minimum
597 3406 666 3472 vati
689 3428 807 3472 munus
830 3398 944 3472 Alexis
968 3411 1047 3472 erat.

249 3488 413 3576 „“’Bclle
402 3495 552 3579 inquis„
553 3495 648 3560 dixti.
673 3501 724 3562 sat
725 3497 753 3562 is
710 3499 811 3562 tet
833 3494 1039 3561 laudabimus
1062 3483 1181 3579 usquel‘

295 3579 514 3649 Dissimulas?
534 3545 640 3651 lacies
663 3607 729 3671 mc,
750 3589 845 3672 puto,
868 3584 1076 3652 causidicum.
