2596 4032
180 183 275 260 31⁶2,
385 185 388 190 ·
512 181 551 242 u
569 179 652 238 van.
671 178 869 236 ussurus

552 343 637 410 xm.
659 343 824 410 enarre.
891 307 903 312 ”
952 335 956 342 ·

227 415 326 510 Lacte
349 464 439 510 mero
461 445 593 530 pastum
616 441 731 528 pigrae
755 439 835 506 mihi
858 438 974 505 matris
999 439 1174 506 alumnum
1280 437 1281 440 ’

270 531 391 618 Ponat,
414 536 448 598 et
470 530 591 598 Aetolo
615 529 654 596 de
678 551 735 596 sue
758 529 848 595 diues
872 529 957 596 edat.
1021 535 1023 542 '
1071 531 1074 536 '

452 671 553 740 XLII.
576 672 724 757 Appriau
747 677 777 738 et
798 670 930 737 tubrues.

226 769 303 838 Non
325 771 389 838 tibi
412 773 451 838 de
474 769 608 856 Libycis
631 769 766 834 tubures
790 772 824 834 et
847 766 986 853 apyrina
1008 765 1126 848 ramis,

271 857 321 926 De
343 857 561 948 Nomentanis
585 857 641 924 sed
664 857 779 924 damus
803 856 985 924 arboribus.

573 997 690 1066 XLIII.
713 998 811 1066 Idem.

227 1096 328 1164 Lecta
351 1097 547 1164 suburbanis
570 1097 746 1164 mittuntur
768 1095 907 1182 apyrina
929 1095 1029 1162 ramis
1159 1125 1161 1128 ·

271 1183 319 1252 Et
341 1209 459 1254 vernae
482 1185 625 1253 tubures.
663 1183 746 1262 Quid
768 1184 832 1250 tibi
855 1207 929 1251 cum
951 1181 1107 1268 Libycis?

425 1359 426 1364 ¹
560 1325 676 1394 XLIV.
699 1325 825 1394 Sumne.

229 1423 313 1490 Esse
336 1428 432 1510 putes
454 1423 597 1490 nondum
621 1445 747 1489 sumen:
771 1425 818 1490 sic
840 1423 941 1490 ubere
963 1421 1057 1508 largo

219 1515 225 1526 '
272 1513 319 1579 Et
342 1513 416 1579 fluit
438 1515 472 1578 et
494 1514 570 1578 vivo
593 1511 679 1578 lacte
701 1511 826 1599 papilla
849 1514 964 1579 tumet.

492 1651 592 1720 XLV.
614 1653 704 1721 Pulli
721 1655 897 1740 yelltnueei.

230 1758 265 1826 Si
287 1759 429 1846 Libycae
451 1759 547 1826 nobis
570 1760 719 1827 volucres
742 1764 776 1826 et
799 1757 955 1826 Phasides
979 1761 1102 1842 essent,
1145 1731 1149 1736 Ι

272 1847 463 1936 deciperes,
486 1853 521 1914 at
543 1869 629 1916 nunc
652 1849 763 1951 accipe
788 1849 912 1915 chortis
936 1869 1020 1914 aves.

556 1989 672 2056 XLVI.
694 1989 830 2058 Persico.

228 2077 318 2162 Vilia
339 2097 498 2163 maternis
521 2096 687 2163 fueramus
711 2118 894 2183 praecoqua
916 2095 1029 2161 ramis:

273 2183 369 2252 Nunc
391 2187 425 2252 in
449 2185 612 2270 adoptivis
635 2185 767 2252 Persica
789 2207 865 2252 cara
888 2205 1007 2252 sumus.

468 2325 601 2392 XLVII.
624 2327 729 2394 Panes
750 2325 914 2394 Picentini.

228 2431 397 2498 Picentina
421 2430 520 2504 Ceres,
541 2433 636 2498 niveo
660 2434 707 2500 sic
729 2437 859 2500 nectare
883 2432 1012 2516 crescit,

274 2518 322 2588 Ut
344 2520 425 2587 levis
448 2525 585 2606 accepta
605 2543 750 2609 spongea
772 2525 884 2609 turget
906 2544 999 2608 aqua.
1094 2518 1096 2522 ’

548 2661 697 2729 XLVIII.
719 2663 834 2731 Boleti.

229 2766 412 2852 Argentum
423 2771 521 2852 atque
532 2789 647 2833 aurum
656 2768 752 2834 facile
761 2772 811 2834 est
820 2768 1012 2854 laenamque
1022 2772 1209 2856 togamque

274 2855 420 2926 Mittere:
444 2855 572 2922 boletos
595 2858 726 2922 mittere
750 2857 883 2924 difficile
906 2861 966 2924 cst.

542 2997 657 3064 XLIX.
679 2999 838 3066 llmdulu.

229 3101 312 3170 (lum
336 3125 388 3168 me
410 3103 491 3168 ficus
515 3104 596 3189 alat,
619 3128 693 3171 cum
716 3127 833 3191 pascar
857 3106 1005 3173 dulcibus
1028 3106 1115 3192 uris,

274 3190 339 3259 Cur
362 3191 472 3278 potius
495 3215 615 3260 nomen
636 3216 703 3260 non
727 3193 816 3260 dedit
839 3218 903 3262 uva
926 3195 1028 3261 mihi?

534 3333 571 3400 L.
596 3335 710 3402 Terrae
732 3337 847 3403 tubere.

228 3439 424 3526 Rumpimus
449 3441 595 3507 altricem
620 3445 732 3510 tenero
758 3467 840 3530 quae
863 3445 985 3512 vertice
1008 3449 1131 3510 terram

273 3528 417 3608 Tubera‚
437 3529 557 3596 boletis
579 3552 678 3615 poma
702 3534 842 3599 secunda
866 3555 986 3600 sumus.
