2528 4038
344 195 645 254 EPIGRAMMATON
664 195 732 254 LIB.
751 195 811 254 v11.
1023 203 1086 272 151
1131 217 1133 220 ’

110 359 312 448 Fractusque
336 383 436 428 cornu
460 363 527 428 iam
551 365 602 426 ter
625 362 775 447 improbo
799 360 934 428 Rhenus

111 449 236 516 Teneat
260 452 448 516 domantem
472 473 574 538 regna
598 451 739 535 perfidae
764 451 872 536 gentis

87 539 170 622 5Τθ,
196 562 321 606 summe
345 539 458 606 mundi
480 545 589 607 rector
613 545 645 606 et
667 560 786 625 parens
809 539 913 607 orbis:

109 629 237 696 Abesse
258 629 382 696 nostris
405 633 608 695 nontamen
631 632 724 714 potes
748 629 843 695 votis.

109 717 183 784 Illic
209 724 241 785 et
264 718 369 784 oculis
393 723 426 784 et
450 720 568 784 animis
593 739 719 804 sumus,
742 715 877 804 Cacsar,
1005 755 1006 760 κ

110 806 266 893 Adeoque
290 812 417 874 mentes
441 809 586 874 omnium
610 811 702 874 tenes
725 829 823 893 unus,

109 895 155 961 Ut
180 897 253 982 ipsa
277 898 390 982 magui
412 897 511 962 turbs
534 896 659 962 nesciat
682 893 783 982 Circi,

74 1001 102 1049 10
110 983 272 1052 Utrumne
297 990 408 1051 currat
429 983 622 1051 Passerinus
647 1007 689 1051 an
713 985 832 1074 Tigris.
899 1069 901 1073 Ι

532 1116 622 1184 VIII.

110 1214 206 1282 Nune
228 1217 366 1302 hilares,
391 1217 419 1282 si
443 1217 572 1302 quando
598 1215 693 1302 milri,
715 1238 800 1283 nuno
824 1216 940 1302 ludite,
959 1216 1085 1283 Musae:

152 1305 272 1372 Victor
296 1307 337 1372 ab
361 1304 501 1390 Odrysio
525 1305 671 1371 redditur
695 1305 774 1370 orbe
797 1305 885 1372 deus.

24 1461 25 1466 ,
82 1472 85 1476 ,
111 1391 210 1461 Certa
233 1395 315 1461 facis
339 1395 453 1480 populi
476 1399 513 1459 tu
537 1395 661 1478 primns
686 1399 776 1478 rota,
799 1393 991 1461 December:

151 1483 225 1550 Iam
248 1485 326 1550 licet
349 1483 476 1569 ingenti
499 1483 604 1548 dicere
627 1503 705 1548 voce
728 1481 880 1568 „Venit!“

86 1570 202 1638 adelix
226 1578 315 1639 sorte
338 1574 410 1638 tua!
447 1571 584 1637 Poteras
606 1593 673 1638 non
696 1571 808 1638 cedere
830 1571 925 1657 Iano,

153 1661 282 1728 Gaudia
307 1663 334 1726 si
358 1660 468 1744 nobis,
492 1682 574 1745 quae
598 1660 690 1724 dabit
713 1660 783 1744 ille,
806 1659 910 1727 dares.

109 1747 209 1816 Festa
232 1754 407 1817 coronatus
432 1749 523 1814 ludet
546 1749 693 1816 convicia
716 1749 844 1834 miles„

151 1838 245 1906 Inter
268 1840 452 1926 laurigeros
476 1860 550 1904 cum
573 1859 681 1904 comes
706 1837 768 1902 ibit
792 1859 900 1922 equos.

109 1925 171 1994 Fas
196 1929 308 1994 audire
331 1929 421 1993 iocos
444 1927 634 2012 levioraque
657 1927 815 2006 carmina,
839 1925 972 2013 Caesar,
993 1923 1013 1972 ’-

72 2030 100 2078 10
151 2017 198 2084 Et
221 2017 297 2102 tibi,
321 2017 350 2082 si
373 2016 463 2081 lusus
486 2015 556 2102 ipse
579 2015 765 2101 triumphus
790 2020 886 2081 emat

544 2156 601 2222 IX.
621 2211 622 2214 η
658 2158 689 2202 Ψ

24 2255 27 2264 ’
53 2229 58 2236 .
109 2253 191 2322 Cum
215 2255 389 2341 sexaginta
412 2258 563 2320 numeret
586 2251 764 2321 Cascellius
788 2277 904 2340 annos,

151 2344 349 2434 Ingeniosus
372 2343 471 2410 homo
496 2348 559 2410 est:
583 2344 712 2428 quando
736 2345 877 2411 disertus
901 2344 986 2410 erit?

108 2582 302 2652 Paedicetur
324 2583 425 2669 Eros,
447 2582 543 2648 fellat
565 2582 680 2648 Linus:
704 2582 776 2668 Ole,
800 2583 878 2670 quid
901 2583 941 2650 ad
965 2587 1012 2668 te,

151 2671 199 2741 De
224 2680 297 2741 cute
321 2672 399 2758 quid
421 2671 546 2737 facient
569 2671 625 2735 illc
648 2672 704 2750 vel¹
724 2672 781 2737 ille
804 2672 885 2738 sua?
1132 2697 1137 2700 ’

109 2757 263 2828 Centenis
285 2761 388 2828 futuit
410 2760 526 2826 Matho
551 2760 697 2826 milibus:
722 2760 793 2845 Ole,
817 2761 894 2847 quid
918 2761 960 2828 ad
983 2761 1039 2841 te?

149 2847 228 2917 Non
251 2855 289 2916 tu
313 2854 501 2937 propterea,
526 2847 582 2914 sed
604 2847 718 2914 Matho
743 2873 868 2936 pauper
889 2851 962 2916 erit.
1038 2908 1047 2919 ,,

86 2934 145 3003 51u
167 2939 275 3007 lucem
298 2944 392 3004 cenat
416 2937 593 3004 Sertorius:
617 2936 689 3022 Ole,
713 2938 791 3023 quid
814 2939 855 3004 ad
877 2942 924 3025 te,

150 3025 234 3095 Cum
258 3028 357 3093 liceat
379 3032 451 3094 tota
475 3030 613 3092 stertere
636 3030 731 3094 nocte
755 3028 839 3094 tibi?
1011 3067 1012 3070 κ

109 3111 324 3272 Septingenta
346 3115 423 3270 Tditp
446 3113 544 3219 dehet
564 3113 691 3268 tls'qpus:
714 3114 787 3269 Oqu,
811 3116 896 3201 quid'
911 3117 953 3184 ad
976 3116 1031 3183 te?

15 3267 16 3271 ,
217 3229 269 3272 em
292 3227 333 3271 ne
379 3227 484 3270 eerrs
508 3225 561 3270 ere
585 3228 594 3269 1
619 3225 722 3270 errave
773 3228 848 3272 uo.

108 3230 420 3377 Illudsdissimulaq
444 3292 484 3359 ud
508 3298 541 3359 te
565 3293 652 3380 quod
673 3229 829 3378 partimi,
853 3293 927 3378 Ole,

16 3439 17 3449 ,
73 3390 100 3442 lo
150 3385 308 3469 Quodque
331 3385 439 3472 magis
463 3405 559 3449 curae
582 3383 733 3448 convenit
757 3404 828 3448 esse
851 3386 935 3448 tuae.

17 3508 18 3534 r
110 3467 167 3538 Pro
190 3474 308 3560 togula
331 3474 442 3539 debes:
466 3473 528 3539 hoc
552 3472 593 3538 ad
616 3475 649 3536 te
673 3471 829 3556 pertinet,
852 3469 921 3537 Ole.

15 3568 18 3642 j
149 3560 371 3641 Quadrantem
394 3583 489 3629 nemo
514 3563 580 3628 iem
604 3559 667 3625 tibi
690 3560 807 3626 credit:
830 3564 864 3626 et
886 3560 958 3626 hoc.

14 3685 264 3799 l.»
