2596 4034
363 197 843 260 nmoaauuaaonmss.v111.
1051 195 1116 263 185
1154 259 1156 264 .

531 361 682 430 XXXIX.

136 462 206 542 Qui
228 461 402 528 Palatinae
425 465 556 548 caperet
580 459 730 528 convivia
753 479 884 526 mensae

186 551 449 638 Ambrosiasque
467 553 580 637 dapes,
603 572 670 617 non
693 553 764 616 erat
787 553 863 616 ante
886 549 991 616 locus:

134 640 205 714 Hie
227 641 358 706 haurire
383 641 474 708 decet
498 661 639 726 sacrum,
663 637 869 724 Germanice,
891 633 1004 708 nectar

186 729 232 796 Et
255 728 464 815 Ganymedea
486 731 604 817 pocula
627 729 731 796 mixta
753 749 861 796 manu.

105 821 226 888 aEsse
249 819 345 902 velis,
369 840 441 905 oro,
464 841 556 886 serus
580 822 717 886 convive
739 817 909 885 Tonantisz

188 911 234 975 At
256 910 294 975 tu
317 907 346 974 ei
368 908 723 995 properas,‚1uppiter,
745 909 816 994 ipse
838 906 922 973 veni.

575 1059 643 1128 XL.

135 1155 220 1224 Non
242 1157 331 1223 horti
353 1177 457 1244 neque
480 1157 625 1244 palmitis
648 1157 752 1242 beati,

137 1245 208 1312 Sed
231 1247 297 1311 rari
319 1245 477 1332 nemoris,
498 1245 631 1332 Priape,
653 1251 778 1331 custos,

135 1335 195 1402 Ex
219 1357 282 1420 quo
304 1339 401 1402 natus
424 1357 459 1401 es
483 1339 517 1402 et
539 1341 633 1421 potes
656 1335 795 1420 renasci,

136 1423 298 1509 Furaces‚
315 1445 451 1509 moneo,
475 1447 590 1492 manus
613 1425 754 1509 repellas
841 1473 842 1476 ,

109 1513 189 1580 sEt
212 1515 328 1578 silvam
353 1513 477 1579 domini
501 1514 581 1580 locis
604 1535 763 1580 reserves:

139 1600 179 1669 Si
203 1602 357 1670 defecerit
378 1602 474 1688 haec,
496 1607 530 1669 et
552 1604 623 1688 ipse
646 1602 774 1689 lignum
797 1622 841 1668 ea.

570 1749 654 1818 XLI.

139 1840 280 1936 ,strictis
305 1849 533 1936 Athenagoras
556 1871 624 1917 non
646 1850 738 1916 misit
760 1871 895 1916 munera
917 1848 1028 1936 nobis,

190 1938 279 2015 Quae
303 1937 409 2004 medio
433 1937 566 2004 brumae
590 1939 718 2004 mittere
741 1943 851 2004 mense
874 1937 986 2004 solet.“

140 2031 198 2093 An
221 2027 266 2092 sit
288 2027 520 2114 Athenagoras
542 2026 663 2112 tristis,
685 2025 855 2112 Faustina,
878 2026 1010 2096 videbo:

121 2119 128 2155 ”
189 2115 244 2182 Me
267 2121 354 2184 certe
377 2117 507 2182 tristem
528 2115 606 2182 lecit
629 2116 868 2203 Athenagoras.

142 2365 181 2434 Si
204 2369 237 2433 te
261 2365 410 2452 sportula
432 2365 537 2448 maior
559 2265 738 2431 iilmbbatos

141 2454 221 2524 Non
245 2454 440 2541 corruperit,
462 2459 499 2519 ut
522 2453 619 2539 solet,
642 2453 755 2519 licebit
958 2533 960 2537 .

140 2544 195 2612 De
217 2548 346 2629 nostro,
368 2542 499 2629 Matho,
522 2544 643 2608 centies
665 2543 793 2610 laveris.
874 2610 878 2624 .

553 2691 669 2759 XLllI.

140 2791 251 2861 Effert
273 2787 390 2858 uxores
414 2789 549 2872 Fabius,
574 2789 752 2858 Chrestilla
775 2791 925 2878 maritos,

189 2879 434 2967 Funereamque
456 2882 539 2948 toris
564 2885 699 2965 quassat
722 2885 855 2966 uterque
878 2881 995 2948 facem.

139 2969 296 3036 Victores
320 2970 502 3056 committe,
525 2969 651 3035 Venus:
676 2991 757 3053 quos
781 2970 842 3036 iste
865 2970 1013 3038 manebit

190 3059 323 3146 Exitus,
345 3083 411 3126 una
434 3060 514 3126 duos
538 3063 575 3125 ut
598 3056 743 3124 Libitina
765 3058 858 3125 ferat.
989 3118 991 3124 ,

556 3199 671 3270 XLIV.
761 3250 764 3258 .

143 3298 284 3386 Titulle,
308 3321 439 3386 moneo,
462 3301 549 3366 vive:
574 3321 702 3384 semper
724 3297 788 3363 hoc
811 3319 919 3364 serum
942 3301 1006 3384 est,

144 3387 215 3454 Sub
239 3389 432 3476 paedagogo
456 3388 600 3473 coeperis
623 3389 714 3472 licet,
737 3409 845 3452 serum
869 3391 929 3452 est.

144 3478 195 3544 At
217 3481 268 3563 tu,
291 3479 391 3544 miser
414 3477 552 3561 Titulle,
574 3499 634 3544 nec
658 3498 757 3543 senex
780 3475 877 3561 vivis,

147 3563 213 3650 Sed
238 3587 334 3632 omne
358 3567 459 3633 limen
482 3567 624 3633 conteris
648 3567 809 3632 salutator
