2568 4040
218 163 285 230 368
406 137 409 142 ’
502 159 620 220 mnus
639 157 943 216 uerosssmsror.
998 213 999 216 .

217 321 326 379 Praedo
344 321 400 378 luit
416 321 575 376 voluerum:
594 319 717 374 famulus
735 333 811 374 nunc
829 316 947 386 aucupis
966 316 1063 376 idem.
1086 319 1160 386 XIV,
1175 326 1227 374 016.

216 393 367 450 Praestitit
384 390 526 448 exhibitus
544 393 609 446 tota
626 389 689 458 tibi,
709 389 813 446 Caesar
839 387 948 444 harena
981 433 987 447 .
1017 433 1024 447 .
1053 432 1060 447 .
1185 397 1227 444 ,0.

184 481 186 486 ·
211 464 379 528 Praetorem
396 479 506 534 pauper
523 463 637 518 centum
655 460 790 516 sestertia
807 431 918 515 ilaurm
946 503 953 517 .
983 505 989 517 .
1018 503 1027 518 .
1054 503 1062 518 .
1128 391 1207 529 1ῗο

217 535 313 592 Prima
330 534 463 591 Palatino
480 533 529 587 lux
548 536 592 588 est
609 532 681 588 haec
700 535 763 587 orta
780 530 906 587 Tonanti
946 573 953 588 .
982 575 989 588 .
1017 574 1024 588 .
1053 575 1062 588 .
1127 531 1174 598 IX,
1192 537 1228 587 39.

217 606 313 662 Prima
331 606 488 662 salutantes
507 605 593 673 atque
612 603 704 658 altera
722 603 845 658 conterit
863 601 954 658 hore.
983 644 990 659 .
1019 645 1027 659 .
1056 646 1064 660 .
1144 603 1221 672 IV,8

217 677 327 732 Primos
344 694 430 749 passa
447 677 524 730 toros
544 677 575 730 et
592 674 688 730 adhuc
706 670 989 744 placandamarito.
1019 717 1025 729 .
1056 717 1063 730 .
1129 674 1175 740 IV,
1192 680 1222 728 01

217 747 342 804 Primum
361 751 414 817 est,
432 750 466 802 ut
482 748 620 818 praestes,
640 744 752 815 siquid
770 747 808 813 te,
828 742 925 811 Cinna,
943 743 1052 814 rogabo
1115 745 1174 813 VII,
1192 751 1228 800 lt.

218 818 345 888 „Primus
355 819 405 874 nbi
420 820 481 873 est“
495 816 590 886 inquis
600 832 683 886 „cum
692 816 731 870 sit
740 815 813 872 liber
823 813 879 870 iste
893 815 1070 871 secundus?“
1141 817 1175 884 II,
1193 822 1227 870 9³.

217 889 352 960 Princeps
369 888 476 944 Niliaci
493 886 611 958 raperis,
629 886 772 955 Coracine,
791 885 905 942 macelli
945 929 953 945 .
981 931 988 944 .
1016 929 1024 944 .
1055 931 1063 945 .
1090 886 1174 954 XIII,
1192 893 1229 942 85.

217 959 392 1031 Principium
410 959 468 1028 des,
487 961 563 1028 Iane,
581 958 651 1014 licet
668 958 814 1014 velocibus
834 956 916 1014 annis
945 1001 952 1014 .
980 1002 986 1014 .
1014 1001 1023 1015 .
1053 1002 1060 1016 .
1121 957 1190 1025 VIII,
1208 963 1227 1012 0.

217 1029 330 1087 Priscus
350 1031 386 1086 ab
403 1030 538 1086 Aetnaeis
557 1029 636 1098 mihi,
654 1029 764 1098 Plance,
782 1027 931 1084 Terentius
949 1028 1024 1086 oris.
1054 1073 1062 1086 .
1101 1030 1173 1096 VIII,
1191 1034 1227 1084 45.

218 1101 383 1174 Privignum
400 1119 458 1158 non
477 1104 624 1157 essetnec
643 1104 681 1168 te,
701 1097 790 1168 Galle,
810 1116 948 1155 novercae
984 1142 992 1157 .
1021 1143 1028 1156 .
1059 1143 1067 1156 .
1128 1101 1174 1169 IV,
1193 1106 1227 1154 1e.

217 1171 272 1228 Pr0
291 1189 366 1241 sene,
386 1173 437 1228 sed
455 1172 539 1239 clare,
558 1175 655 1228 votum
673 1170 752 1226 Maro
771 1169 841 1226 fecit
859 1172 950 1227 amico
981 1213 991 1228 .
1017 1214 1024 1227 .
1055 1215 1063 1229 .
1113 1171 1172 1240 XII,
1191 1176 1226 1226 00.

218 1243 343 1299 Proiecit
359 1247 429 1314 poto
447 1241 628 1298 Mithridates
648 1259 733 1312 saepe
751 1258 883 1299 veneno.
913 1285 920 1299 .
949 1286 956 1299 .
984 1286 991 1298 .
1020 1286 1027 1298 .
1058 1287 1065 1299 .
1140 1243 1174 1310 V,
1192 1248 1226 1296 70.

217 1312 350 1370 ProficIes
368 1313 441 1368 nihil
459 1314 520 1381 hoc,
540 1314 642 1370 caedes
661 1313 731 1368 licet
748 1329 846 1382 usque,
865 1312 991 1382 flagello.
1020 1356 1027 1369 .
1057 1355 1064 1369 .
1102 1313 1173 1380 XIV,
1191 1317 1225 1366 55.

157 1404 159 1407 ·
217 1383 410 1455 Proscriptum
427 1385 550 1440 famulus
569 1385 694 1440 serravit
711 1384 804 1438 fronte
823 1386 952 1440 notam.
980 1426 987 1439 .
1017 1426 1024 1441 .
1055 1427 1062 1440 .
1166 1427 1173 1452 ‚
1220 1425 1225 1435 .

218 1453 395 1510 Prostratunr
411 1458 494 1512 vaste
512 1457 632 1512 Nemees
651 1455 681 1510 iu
699 1454 775 1510 valle
793 1454 906 1510 leonem
945 1497 952 1512 .
981 1497 988 1512 .
1018 1497 1025 1511 .
1054 1497 1062 1512 .

218 1524 350 1582 Proxima
367 1527 493 1582 centenis
512 1526 671 1582 ostenditur
689 1542 756 1580 ursa
773 1524 912 1580 columnis
945 1569 952 1582 .
980 1567 987 1582 .
1016 1569 1024 1583 .
1054 1569 1062 1582 .
1166 1569 1173 1594 ,
1220 1567 1224 1576 .

218 1596 312 1652 Pruna
328 1597 494 1668 peregrinae
513 1597 589 1668 carie
606 1614 710 1668 rugosa
729 1599 880 1652 senectae.
909 1639 916 1654 .
945 1639 953 1654 .
981 1619 992 1653 .-
1019 1639 1026 1653 .
1055 1640 1062 1654 .

105 1723 107 1727 ,
217 1666 360 1724 Psilothro
378 1667 481 1724 faciem
498 1669 577 1724 levas
597 1672 627 1723 et
644 1668 766 1737 dropace
785 1668 919 1725 calvam.
947 1711 954 1723 .
982 1711 991 1724 .
1019 1709 1025 1724 .
1057 1711 1063 1724 .

217 1737 360 1794 Psittacus
379 1756 396 1794 a
414 1739 495 1794 vobis
514 1739 634 1794 aliorum
651 1737 768 1794 nomina
786 1739 882 1794 disco.
911 1781 918 1795 .
946 1781 953 1795 .
981 1781 989 1794 .
1018 1782 1024 1794 .
1056 1781 1063 1795 .
1100 1737 1171 1808 X1V,
1190 1743 1223 1792 13.

217 1809 317 1865 Puella
335 1809 449 1866 senibus
468 1809 578 1866 dulcior
595 1809 666 1864 mihi
684 1809 782 1891 cygnis
803 1851 1063 1866 ........
1139 1810 1171 1878 V,
1188 1813 1222 1862 01.

218 1879 317 1952 Pugio,
336 1897 420 1950 quem
438 1897 524 1936 curva
542 1881 638 1950 signat
654 1880 748 1936 brevis
768 1879 863 1936 orbita
879 1895 953 1936 rena
980 1923 988 1936 .
1017 1924 1024 1938 .
1055 1925 1062 1938 .
1100 1881 1171 1948 XIV,
1188 1885 1221 1934 3³.

217 1951 338 2007 Pulcher
355 1952 438 2006 adest
456 1967 573 2021 onager:
592 1951 670 2006 mitti
688 1950 802 2008 venatio
821 1949 908 2006 debet
944 1995 951 2008 .
980 1994 986 2008 .
1016 1994 1023 2008 .
1054 1995 1060 2008 .
1085 1951 1158 2020 XIII,
1173 1955 1220 2005 100.

216 2021 337 2078 Pulchre
355 2023 433 2078 valet
452 2020 597 2088 Charinus,
616 2024 646 2078 et
663 2025 760 2078 tamen
777 2021 881 2092 pallet.
909 2065 916 2078 .
946 2065 952 2078 .
981 2065 988 2079 .
1018 2063 1025 2078 .
1056 2066 1062 2079 .
1151 2022 1171 2090 I,
1188 2025 1222 2076 u.

217 2092 327 2148 Puncta
344 2093 419 2148 notis
438 2092 495 2148 ilex
514 2095 544 2147 et
562 2096 647 2148 acuta
664 2091 781 2163 cuspide
799 2093 880 2149 clusa
909 2135 917 2150 .
945 2136 953 2150 .
981 2136 989 2152 .
1017 2135 1026 2150 .
1055 2137 1063 2151 .
1099 2093 1170 2161 XIV,
1187 2096 1221 2146 92.

216 2162 342 2234 Pyrrhae
360 2164 428 2232 filia,
445 2163 575 2218 Nestoris
593 2180 716 2220 noverca
732 2205 1064 2222 ..........
1137 2163 1170 2233 Χ,
1187 2167 1220 2218 01.

217 2445 280 2511 Qua
297 2443 390 2500 Iactus
409 2444 519 2500 ratione
539 2443 578 2499 sit
595 2444 737 2513 requiris.
766 2488 773 2500 .
802 2489 808 2502 .
836 2488 844 2502 .
873 2488 880 2504 .
908 2489 917 2505 .
945 2489 952 2504 .
980 2490 987 2519 ,
1017 2489 1024 2506 .
1053 2490 1061 2506 .
1118 2447 1152 2514 X,
1172 2451 1220 2502 100.

217 2514 279 2580 Qua
296 2515 445 2571 moechum
463 2515 572 2570 ratione
591 2515 718 2570 basiaret
729 2559 1059 2577 ..........
1108 2518 1168 2584 XII,
1186 2522 1219 2572 93.

216 2587 278 2653 Qua
294 2585 390 2641 vicina
406 2586 481 2657 pluit
500 2586 632 2656 Vipsanis
651 2589 735 2656 porta
752 2586 912 2645 columnIs.
941 2632 948 2644 .
976 2632 983 2646 .
1011 2631 1020 2646 .
1048 2632 1055 2648 .
1122 2589 1169 2657 IV,
1188 2591 1219 2641 10.

217 2657 409 2723 Quadrantem
428 2657 541 2738 Crispus
561 2657 677 2724 tabulis,
695 2657 838 2726 Faustiue,
857 2658 995 2729 supremis
1015 2702 1022 2716 .
1051 2703 1058 2718 .
1136 2659 1169 2726 V,
1186 2662 1219 2714 st.

204 2727 430 2798 'Quadringenta
448 2728 502 2782 tibi
520 2745 577 2783 non
596 2732 669 2794 sunt,
689 2727 899 2784 Chaerestrate:
919 2745 1021 2800 surge.
1050 2775 1057 2788 .
1135 2732 1167 2798 V,
1185 2735 1218 2783 ‘rt

164 2849 166 2854 .
216 2798 491 2869 Quadringentorum
509 2799 603 2854 reddis
622 2799 701 2866 mihi,
720 2799 841 2866 Phoebe,
861 2800 982 2856 tabellas
1014 2843 1021 2859 .
1049 2843 1056 2860 .
1105 2801 1153 2870 IX,
1172 2804 1219 2855 100.

216 2869 294 2935 Quae
312 2870 384 2940 legis
404 2887 490 2925 ceusu
507 2870 605 2938 nupsit
622 2869 678 2924 tibi
694 2869 801 2938 Laelia,
821 2869 950 2936 QuInte.
978 2915 985 2929 .
1014 2915 1021 2929 .
1050 2915 1058 2930 .
1134 2871 1167 2938 V,
1185 2875 1219 2924 75.

216 2940 294 3006 Quae
312 2942 388 2996 male
406 2943 472 2995 sunt
490 2941 606 3008 domini,
621 2957 693 3010 quae
708 2942 782 2998 servi
796 2942 952 3010 commoda,
965 2942 1058 2998 nescis
1122 2943 1168 3009 IX,
1185 2945 1218 2995 90.

215 3009 293 3075 Quae
312 3011 382 3066 mihi
400 3011 577 3082 praestiteris
595 3012 711 3068 memini
729 3029 894 3082 semperque
912 3014 1015 3070 tenebo
1049 3058 1056 3071 .
1132 3015 1166 3080 V,
1183 3015 1217 3066 tl.

216 3081 294 3147 Quae
312 3082 396 3138 modo
410 3083 530 3141 ,litoreos
549 3083 635 3138 ibatis
654 3083 779 3138 carmina
796 3083 904 3155 Pyrgos
942 3128 950 3142 .
980 3129 986 3142 .
1014 3128 1022 3144 .
1050 3130 1056 3144 .
1082 3123 1083 3128 κ
1125 3083 1183 3150 XII,
1199 3087 1217 3134 1.
1245 3087 1246 3092 ’

215 3153 293 3220 Quae
311 3157 393 3208 natet
411 3153 442 3208 in
460 3154 554 3210 Siculo
573 3154 687 3224 grandis
706 3172 842 3210 muraena
858 3156 1018 3238 profundo.
1047 3201 1054 3214 .
1091 3155 1166 3223 XIII,
1183 3157 1215 3207 80.

215 3222 292 3290 Quae
311 3241 368 3281 non
387 3225 527 3281 sollicitus
547 3229 644 3282 teneat
662 3229 809 3294 servetque
827 3228 983 3286 minister.
1012 3272 1019 3286 .
1047 3271 1055 3285 .
1079 3227 1152 3294 XIV,
1168 3226 1216 3280 108.

214 3295 291 3361 Quae
309 3313 384 3352 nova
402 3299 462 3352 tam
479 3297 587 3353 similes
605 3297 705 3366 genuit
719 3296 782 3363 tibi,
796 3297 880 3365 Leda,
894 3299 1055 3354 ministros?
1103 3299 1149 3364 lx,
1169 3299 1214 3350 103,

214 3366 292 3432 Quae
310 3367 365 3423 soit
383 3369 554 3439 compositos
573 3385 672 3424 manus
691 3367 820 3437 improba
838 3369 951 3426 mittere
971 3370 1043 3424 talos
1089 3369 1161 3433 XIV,
1179 3369 1209 3419 10.

215 3435 293 3501 Quae
307 3441 366 3494 tam
381 3440 506 3511 seposita
520 3443 572 3509 est,
587 3455 659 3509 quae
673 3455 742 3509 gens
758 3442 817 3494 tam
830 3440 961 3509 barbara,
976 3439 1079 3496 Caesar
1129 3440 1157 3496 Ε
1173 3481 1179 3492 .
1195 3441 1212 3488 ³·
1241 3483 1242 3490 .

214 3505 292 3572 Quae
310 3511 339 3565 te
359 3527 445 3567 causa
462 3511 553 3568 trahit
570 3512 616 3568 vel
634 3527 706 3581 quae
725 3510 829 3566 fiducia
846 3511 984 3570 Romam.
1013 3555 1020 3570 .
1048 3556 1055 3570 .
1119 3457 1210 3578 niss-
1240 3535 1241 3591 y
