2596 4034
387 201 688 262 EPIGRAMMATON
707 201 776 260 ms.
796 202 830 262 X.
1050 203 1115 272 241

140 364 187 431 Et
209 386 276 430 non
298 365 395 432 unius
419 370 585 451 spectator
607 365 747 434 lectulus
771 365 901 452 undae‚'

98 470 131 519 ιο
187 453 249 530 Qui
272 455 459 520 videtliinc
482 478 609 543 puppes
632 457 790 542 fluminis,
812 455 888 522 inde
911 455 1026 522 marist

143 541 207 608 Sed
230 564 290 610 nec
312 543 463 612 Marcelli
486 545 796 631 Pompeianumque‚¹
819 567 879 613 nec
901 545 969 611 illic

187 629 270 698 Sunt
292 633 441 718 triplices
464 634 624 721 thermae,
647 657 706 701 nec
729 635 802 702 lora
824 635 943 717 iuncta¹
960 637 1088 720 quater,

141 719 212 787 Nec
235 719 415 806 Capitolini
439 746 603 792 summum
626 724 794 811 penetrale
816 723 991 810 Tonantis,

188 807 342 897 Quaeque
364 812 472 878 nitent
494 813 757 899 caeluproxima
779 813 905 898 templa
927 834 996 891 suo,

99 914 132 964 lc
142 897 257 964 Dicere
280 903 314 966 te
337 901 463 968 lassum
486 903 637 988 quotiens
660 924 721 989 ego
745 903 841 969 credo
865 900 1013 980 Quirino:

186 985 294 1073 „Quae
313 992 372 1058 tua
391 993 480 1076 sunt,
498 991 562 1058 tihi
580 991 677 1058 habe:
697 1013 780 1077 quae
794 1013 880 1078 mea,
895 989 992 1056 redde
1007 988 1116 1057 mihi.“

573 1123 644 1191 LII.

63 1224 65 1227 ’
143 1217 271 1304 Thelyn
294 1217 421 1286 viderat
443 1220 478 1287 in
500 1225 581 1308 toga
604 1221 790 1306 spadonem.

142 1306 341 1375 Damnatam
365 1307 475 1376 Numa
497 1311 580 1376 dixit
603 1332 674 1377 esse
689 1309 875 1379 moecham.

565 1441 652 1513 nm

142 1539 205 1606 Ille
229 1561 290 1627 ego
314 1563 387 1608 sum
409 1539 564 1628 Scorpus,
587 1541 722 1609 clamosi
745 1542 853 1629 gloria
874 1539 975 1628 Oirci,
1022 1593 1025 1598 .

187 1629 343 1715 Plausus,
365 1630 484 1716 Roma,
507 1632 557 1696 tui
581 1630 778 1715 deliciaeque
800 1631 929 1718 breves,

141 1718 259 1784 Invida
282 1741 379 1805 quem
401 1718 557 1786 Lachesis
581 1723 713 1804 raptum
735 1719 900 1786 trieteride
922 1741 1022 1806 nona,

187 1807 275 1874 Dum
297 1812 449 1875 numerat
471 1809 613 1896 palmas,
636 1807 774 1875 credidit
796 1829 867 1876 esse
890 1829 1010 1875 senem.

149 1900 160 1950 l
565 1939 652 2008 nv.

145 2037 290 2123 Mensae,
314 2037 386 2122 Ole,
410 2039 514 2105 bonas
538 2039 647 2125 ponis,
671 2037 726 2104 sed
750 2038 844 2123 ponis
868 2041 1009 2124 opertas.

119 2133 125 2170 ¹'
187 2126 374 2194 Ridiculum
397 2132 461 2194 est:
485 2149 623 2214 possum
644 2127 691 2192 sic
715 2149 776 2214 ego
798 2127 922 2194 hahere
943 2126 1057 2194 bonas.

574 2258 642 2326 LV.

123 2359 316 2425 ¹Arrectum
339 2357 491 2444 quotiens
515 2356 658 2424 Marulla
679 2378 796 2442 penem
960 2349 982 2610 q

142 2445 299 2514 Pensavit
322 2447 434 2532 digitis
458 2446 577 2532 diuque
600 2467 713 2512 mensa
735 2449 798 2532 est,

62 2596 63 2600 ,
142 2535 273 2622 Libras,
297 2537 442 2622 scripula
465 2534 673 2620 sextulasque
697 2534 789 2622 dicit3

141 2625 233 2691 Idem
256 2629 333 2710 post
355 2647 437 2710 opus
461 2629 495 2690 et
516 2645 592 2690 suas
611 2623 794 2710 palaestras

116 2714 229 2781 sLoro
253 2736 327 2780 cum
351 2713 469 2779 similis
492 2714 578 2779 iacet
600 2713 753 2799 remisso,

31 2845 35 2850 -
141 2803 272 2880 Quanto
297 2804 341 2869 sit
362 2801 466 2869 levior
488 2801 630 2869 Marulla
653 2801 740 2866 dicit

142 2892 219 2959 Non
243 2912 322 2981 ergo
346 2895 397 2958 est
421 2913 536 2958 manus
560 2891 640 2976 ista,
664 2889 720 2956 sed
743 2891 877 2956 statera
942 2937 959 2946 -

565 3023 651 3091 LVI.

142 3123 249 3210 Totis,
272 3121 381 3209 Galle,
403 3123 496 3189 iuhes
519 3123 582 3189 tibi
605 3144 657 3189 me
681 3120 801 3188 servire
825 3119 939 3187 diebus
1016 3193 1020 3202 ¹

186 3213 233 3279 Et
254 3235 313 3299 per
336 3213 538 3279 Aventinum
560 3216 612 3278 ter
635 3215 752 3297 quater·
774 3210 822 3276 ire
844 3213 948 3276 tuum

141 3301 267 3367 Eximit
290 3307 349 3367 aut
371 3303 476 3368 reficit
499 3302 631 3368 dentem
654 3297 833 3366 Cascellius
858 3319 1006 3386 aegrum,

186 3389 329 3456 infestos
353 3391 457 3457 oculis
480 3392 561 3470 uris,
584 3390 729 3475 Hygine,
751 3388 853 3475 pilos;

114 3479 219 3546 sNon
242 3483 332 3546 secat
355 3483 388 3546 et
410 3479 502 3546 tollit
526 3480 706 3546 stillantem
731 3475 873 3543 Fannius
897 3499 1008 3567 usam,

86 3587 88 3592 ’
186 3568 309 3634 Tristia
333 3580 501 3636 servorum
524 3570 682 3656 stigmata
704 3567 791 3633 dclet
812 3566 913 3654 Eros3

149 3682 232 3726 Matr.
674 3701 680 3710 ·
920 3675 954 3728 16
1076 3679 1090 3690 ‘
