2528 4038
332 209 630 270 aercaaurraror
649 211 717 268 nra.
737 211 770 269 v.
1000 209 1064 276 109

88 377 129 443 Hi
153 382 231 444 sunt
252 375 395 443 invidiae
419 376 589 460 nimirum,
610 373 751 463 Regula,
774 396 898 460 mores,

5 487 7 516 ²
131 467 300 533 Praeferat
322 465 475 552 antiquos
500 487 628 553 semper
650 470 689 532 ut
711 465 772 532 illa
794 465 899 532 novis.

5 553 7 590 ³
66 555 138 622 sssie
153 560 306 622 aeteram
330 557 365 621 in
391 555 454 620 rati
477 555 614 642 Pompei
637 555 823 643 quaerimus
847 552 1012 638 umbram,

131 645 184 712 Sic
206 645 343 712 laudant
366 577 475 712 {eruli
499 645 578 710 vilia
601 645 727 728 templa
751 665 858 729 scnes;

5 799 6 820 ,
88 734 213 800 Ennius
237 739 288 800 est
311 734 416 800 lectus
440 735 532 801 salvo
556 735 632 820 tibi,
655 734 773 817 Roma,
796 731 947 814 Marone,

130 824 176 890 Et
199 846 259 890 sua
282 823 426 890 riserant
449 825 580 890 saecula
604 821 812 908 Maeoniden,

5 923 7 964 ἒ
89 912 174 978 Rara
198 917 355 979 coronato
378 914 528 1000 plausere
552 913 683 980 theatra
706 909 902 995 Menandro,

5 985 7 1046 l
55 1019 81 1065 ro
130 1003 239 1068 Norat
262 1001 431 1068 Nasonem
456 1003 528 1068 sola
551 1000 696 1068 Corinna
719 1023 823 1068 suum.

5 1091 7 1170 l
89 1091 154 1157 Vos
179 1097 291 1157 tamen
315 1113 334 1157 o
358 1091 464 1158 nostri
486 1113 527 1156 nc
551 1091 705 1156 festinate
729 1088 846 1154 libelli:

5 1179 6 1240 l
131 1181 167 1247 Si
189 1190 266 1268 post
290 1179 360 1246 fata
383 1180 473 1246 venit
497 1181 617 1267 gloria,
639 1201 705 1244 non
729 1199 880 1266 propero.

5 1383 8 1536 l
89 1433 333 1533 Sardonychas,
351 1337 784 1534 zmaragdoizladarnantas,
807 1443 950 1532 iaspidas
974 1465 1039 1509 uno

5 1537 6 1576 l
129 1537 253 1602 Versat
275 1539 309 1602 in
334 1536 471 1602 articulo
496 1534 615 1622 Stella,
638 1533 768 1620 Severe,
793 1555 893 1600 meus.

5 1581 7 1726 l
88 1625 210 1691 Multas
232 1627 267 1691 in
291 1624 419 1712 digitis,
442 1625 552 1710 plures
577 1624 611 1689 in
635 1624 779 1689 carmine
804 1643 950 1710 gemmas

129 1713 295 1781 Invenies:
319 1713 394 1779 inde
418 1717 470 1778 est
492 1713 587 1800 haec,
610 1717 705 1800 puto,
728 1713 816 1779 culta
840 1733 966 1778 manus.

518 1872 590 1938 XII.

89 1979 179 2057 Quod
203 1979 357 2048 nutantia
379 1979 488 2054 fronte
512 1977 673 2065 perticata

89 2069 205 2136 Gestat
229 2068 375 2154 pondera
396 2067 557 2134 Masclion
580 2069 753 2154 superbus,

90 2161 154 2224 Aut
178 2158 313 2246 grandis
336 2155 444 2223 Ninus
469 2157 620 2223 omnibus
644 2156 777 2224 lacertis
882 2203 885 2208 -

89 2243 219 2333 Septem
245 2247 332 2332 quod
354 2268 473 2332 pueros
496 2247 586 2312 levat
609 2246 661 2312 rel
685 2250 774 2330 octo,

32 2357 36 2363 ·
67 2335 151 2403 cites
174 2357 244 2404 nou
266 2335 408 2402 difficilis
433 2335 514 2400 milri
537 2335 680 2418 ridetur,

89 2423 161 2492 Uno
185 2447 261 2492 cum
285 2424 391 2510 digito
413 2425 466 2490 rel
489 2423 552 2490 hoc
575 2423 628 2490 vel
651 2423 711 2489 illo

90 2514 201 2580 Portet
226 2511 329 2578 Stella
351 2535 444 2580 meus
468 2513 578 2580 decem
602 2513 739 2599 puellas.

509 2671 600 2738 XIII.
738 2719 745 2736 .

88 2777 179 2865 Sum,
202 2778 325 2864 faleor,
348 2801 540 2866 semperque
564 2779 624 2858 lui,
648 2777 851 2861 Callistrale,
873 2798 1014 2862 pauper,

130 2868 194 2936 Sed
219 2889 286 2934 non
309 2868 466 2936 obscurus
489 2889 548 2934 nec
571 2869 656 2933 male
679 2872 777 2934 notus
801 2887 912 2952 eques,

89 2956 149 3024 Sed
173 2961 248 3025 toto
272 2958 364 3044 legor
387 2958 466 3024 orbe
489 2956 642 3042 frequens
667 2961 700 3021 et
724 2956 843 3022 dicitur
861 2955 943 3038 „Hic
966 2957 1043 3041 cst“,

131 3047 292 3134 Quodque
316 3046 397 3112 cinis
421 3046 547 3132 paucis,
571 3047 633 3112 hoc
657 3045 739 3110 mihi
762 3045 831 3110 vita
854 3045 951 3110 dedit.
1006 3075 1008 3079 ·

67 3136 132 3202 adt
155 3135 386 3204 trecentenis
409 3135 603 3201 incumbunt
625 3139 714 3200 tecta
737 3133 897 3200 columnis
1024 3199 1026 3202 .

130 3227 176 3292 Et
201 3225 373 3292 libertinas
398 3245 474 3290 area
496 3224 646 3310 flagellat
669 3245 762 3308 opes,

91 3313 277 3400 Magnaque
300 3313 449 3380 Niliacae
473 3313 575 3378 servit
596 3313 660 3378 tibi
683 3313 781 3399 gleba
805 3310 940 3399 Syenes,

129 3403 261 3472 Tondet
285 3408 319 3468 et
341 3403 530 3468 innumeros
555 3401 683 3468 Gallica
707 3401 826 3468 Parma
850 3422 976 3490 greges.
1049 3443 1061 3453 s

89 3491 157 3560 Hoc
171 3514 235 3580 ego
250 3497 350 3580 tuque
365 3513 491 3558 sumus:
511 3491 568 3556 sed
582 3490 669 3577 quod
689 3513 775 3577 sum,
789 3514 856 3558 non
871 3496 965 3578 potes
980 3511 1064 3557 esse:

54 3593 81 3644 ιο
130 3582 181 3650 Tu
207 3583 294 3668 quod
319 3604 367 3669 es,
390 3604 408 3648 e
431 3581 555 3669 populo
580 3581 815 3666 quilibetcssc
838 3585 958 3668 potest.
1021 3661 1022 3664 Ἴ
