2596 4034
371 175 669 234 urvoaanuunou
686 139 758 235 ma
774 175 849 234 v111.
977 265 979 268 ι
1055 179 1117 244 177

134 339 172 405 N
174 361 219 405 on
234 342 310 404 sunt
323 337 405 405 haee
418 337 603 428 hominum,
617 339 824 427 Germanice,
839 341 959 428 gaudia
975 345 1119 428 tantum,

188 427 252 494 Sed
274 427 400 495 faciunt
422 428 487 514 ipsi
509 452 610 515 nuno,
632 436 727 518 puto,
751 451 845 498 saera
868 429 928 496 dei.

590 579 623 647 V

134 676 232 745 Dum
255 676 372 763 donas,
395 675 519 766 Macer,
543 633 660 746 anulos
683 678 815 768 puellis,

135 765 281 852 Desisti,
304 765 427 854 Macer,
451 767 567 834 anulos
590 767 721 836 habere.

581 915 639 986 VI

135 1015 341 1101 Archetypis
365 1016 468 1082 vetuli
490 1015 573 1082 nihil
597 1020 648 1083 est
671 1016 815 1084 odiosius
838 1014 936 1084 IIucti
1028 1055 1031 1058 -

190 1103 343 1170 -Ficta
366 1101 550 1193 Saguntino
573 1105 705 1190 cymbia
727 1105 815 1172 malo
839 1105 910 1172 luto
930 1143 986 1190 -,

137 1193 285 1279 Argenti
307 1193 433 1261 furiosa
456 1195 506 1260 sui
529 1217 603 1261 cum
626 1198 802 1261 stemmata
824 1199 939 1262 narrat

186 1281 346 1349 Garrulus
371 1287 404 1350 et
426 1284 536 1350 verbis
560 1283 688 1350 mucida
711 1283 787 1349 vina
809 1282 898 1350 facit.

104 1371 422 1457 5„Laomedonteae
445 1371 576 1438 fuerant
598 1373 678 1438 haec
700 1373 817 1457 pocula
841 1393 986 1437 mensae:

185 1459 301 1542 Ferret
323 1465 362 1527 ut
384 1461 478 1548 haec,
502 1483 612 1527 muros
637 1461 757 1526 struxit
779 1459 902 1545 Apollo
925 1461 1008 1545 lyra.

138 1549 215 1616 Hoc
239 1554 364 1616 cratere
388 1550 479 1616 ferox
503 1549 667 1616 commisit
688 1550 812 1634 proelia
835 1549 981 1616 Rhoetus

187 1636 271 1704 Cum
294 1639 461 1725 Lapithis:
483 1661 595 1726 pugna
618 1638 725 1704 debile
749 1638 855 1703 cernis
880 1659 970 1724 opus.
1031 1677 1032 1680 =

137 1727 187 1794 Hi
211 1727 275 1794 duo
299 1729 460 1814 longaevo
484 1731 657 1793 censentur
679 1725 821 1792 Nestore
845 1725 950 1794 fundi:

87 1835 126 1884 ιο
186 1815 311 1882 Pollice
335 1816 374 1882 de
396 1816 490 1903 Pylio
514 1816 594 1882 trita
616 1814 767 1882 columba
788 1815 881 1882 nitet.
1017 1883 1019 1885 ,

137 1905 205 1970 Hie
228 1905 372 1992 scyphus
397 1909 461 1990 est,
483 1905 517 1970 in
541 1927 604 1991 quo
628 1904 758 1970 misceri
780 1905 878 1969 iussit
902 1904 1015 1970 amieis

186 1993 328 2080 Largius
351 1993 511 2062 Aeacides
535 1993 738 2079 vividiusque
761 2014 896 2058 merum.

102 2097 105 2101 '
136 2082 214 2149 Hac
236 2083 426 2170 propinavit
449 2082 556 2147 Bitiae
579 2082 797 2168 pulcherrima
819 2079 904 2146 Dido

185 2171 227 2238 In
249 2178 378 2258 patera,
401 2171 548 2258 Phrygio
572 2193 645 2236 oum
668 2170 745 2236 data
768 2191 847 2236 oona
870 2169 940 2236 viro
964 2170 1042 2235 est.“

89 2279 124 2328 15
136 2262 281 2328 Miratus
305 2261 406 2328 fueris
430 2283 504 2328 cum
527 2260 635 2346 prisca
657 2263 841 2324 toreumata
863 2259 1018 2343 multum,

186 2349 225 2416 In
247 2349 371 2418 Priami
395 2349 535 2417 calathis
559 2348 762 2434 Astyanacta
780 2347 882 2416 bibes.

567 2487 632 2555 VH

138 2589 214 2658 Hoc
236 2611 334 2676 agero
357 2593 409 2654 est
432 2609 560 2672 causas,
583 2587 645 2654 hoc
667 2586 786 2675 dioere,
810 2585 928 2674 Cinna,
952 2587 1086 2674 diserte,

185 2678 301 2762 Horis,
325 2676 441 2760 Cinna,
465 2676 575 2743 decem
598 2675 703 2742 dicere
726 2677 826 2742 verba
848 2678 988 2744 novem?

141 2767 207 2835 Sed
231 2767 328 2834 modo
352 2766 541 2853 clepsydras
565 2765 693 2854 ingenti
714 2787 794 2831 voce
818 2767 930 2851 petisti

186 2855 358 2934 Quattuor.
395 2853 423 2922 Ο
447 2858 619 2942 quantum,
642 2851 761 2940 Cinna,
784 2857 892 2921 tacere
914 2857 1022 2944 potest

560 2995 651 3063 VIII.

129 3095 342 3183 'Principium
365 3095 436 3182 des,
459 3093 550 3181 Iane,
573 3095 650 3162 licet
673 3093 838 3162 velocibus
863 3094 983 3182 annis,

184 3184 230 3251 Et
253 3205 390 3251 renoves
413 3183 508 3250 vultu
532 3183 662 3251 saecula
684 3185 785 3272 longa
808 3185 898 3269 tuo,

138 3273 185 3341 ‘Ie
208 3274 350 3360 primum
374 3275 430 3358 pia
452 3278 528 3340 tura
550 3279 681 3360 rogent,
704 3278 736 3340 te
759 3277 838 3338 vota
862 3271 1018 3358 salutent,

183 3362 333 3448 Purpura
354 3367 388 3430 te
411 3362 503 3448 felix,
525 3367 559 3429 te
583 3363 671 3429 colat
694 3362 798 3430 omnis
822 3361 942 3428 honos:

111 3451 187 3519 ὁΤι]
211 3457 323 3519 tamen
345 3451 408 3519 hoe
430 3451 549 3538 mavis,
573 3452 686 3519 Latiae
712 3451 798 3538 quod
821 3451 962 3539 contigit
984 3451 1058 3518 urbi

182 3539 296 3608 Mense
319 3545 377 3619 tuo
401 3541 566 3626 reducem,
587 3541 680 3622 Idne,
704 3541 812 3608 videre
836 3540 940 3606 deum.

146 3655 227 3698 mass.
742 3688 754 3732 ,κ
887 3695 888 3698 ,
918 3649 950 3700 1²

1204 2917 1223 2956 ὕ
1264 2965 1265 2968 ,
