2596 4032
359 226 655 285 EPIGRAMMATON
676 227 742 286 LIB.
761 227 821 288 XII.
1032 227 1098 296 287

126 391 213 458 Dum
236 413 296 478 per
318 390 434 456 limina
456 394 490 456 te
509 392 731 476 potentiorum

100 480 282 546 oSudatrix
305 485 386 566 toga
408 481 551 546 ventilat
573 502 756 568 vagumque

126 569 232 635 Maior
256 568 386 636 Caelius
411 573 445 634 et
468 571 575 635 minor
598 569 754 656 fatigant:
853 580 858 586 '

126 658 179 723 Me
203 659 324 724 multos
347 659 487 744 repetita
510 662 586 743 post
608 658 805 726 Decembres

126 747 264 832 Accepit
287 769 361 812 mea
384 747 605 831 rusticumque
629 747 708 814 fecit

127 837 218 902 Auro
242 835 373 902 Bilbilis
397 840 431 902 ct
454 837 595 921 superba
617 835 715 903 ferro.

83 924 190 990 roHic
213 925 301 1010 pigri
324 925 462 990 colimus
486 926 598 994 labore
623 925 708 990 dulci

125 1012 305 1079 Boterdum
329 1013 543 1098 Plateamque
561 1049 606 1064 --
624 1012 796 1082 Celtiberis

127 1101 217 1168 Haec
241 1106 318 1168 sunt
340 1103 475 1168 nomina
498 1103 658 1170 crassiora
680 1103 777 1169 terris
799 1124 854 1169 -ε

21 1193 22 1196 ’
126 1189 259 1276 Ingenti
282 1191 373 1256 fruor
394 1191 608 1276 improboque
632 1213 761 1274 somno,

118 1279 231 1355 -Qucm
254 1301 314 1345 nec
338 1281 438 1344 tertia
461 1301 558 1366 saepe
581 1281 705 1366 rumpit
727 1279 822 1365 hora,

81 1386 114 1434 15
126 1367 172 1432 Et
195 1372 303 1434 toturn
326 1367 408 1433 mihi
430 1389 515 1433 nunc
538 1389 674 1454 repono,
699 1367 855 1454 quidquid

81 1487 82 1490 ¹
126 1456 192 1522 Ter
215 1457 314 1536 denos
338 1455 553 1542 vigilaveram
576 1479 635 1544 per
658 1479 776 1523 annos..

125 1545 247 1630 ignota
271 1549 322 1611 est
345 1549 439 1632 toga,
462 1545 518 1610 sed
542 1545 638 1611 datur
660 1545 787 1633 petenti

126 1635 238 1720 Rupta
261 1635 412 1719 proxima
433 1633 535 1699 vestis
559 1655 578 1698 a
602 1634 765 1700 cathedra

127 1723 323 1810 Surgentem
345 1723 438 1788 focus
461 1722 583 1807 excipit
605 1723 747 1808 superba

78 1829 115 1878 eo
125 1811 236 1877 Vicini
260 1817 350 1877 strue
373 1811 480 1877 cultus
502 1811 617 1894 ilioeti,

126 1901 233 1966 Multa
253 1900 352 1965 vilica
376 1921 471 1984 quem
495 1903 632 1965 coronat
654 1899 729 1987 olla

125 1988 273 2055 Venator
297 1989 457 2073 sequitur,
480 1987 537 2052 sed
560 1989 617 2054 ille
641 2009 737 2074 quem
759 1991 798 2053 tu

127 2077 259 2152 Secreta
282 2078 395 2162 cupias
417 2076 539 2141 habere
562 2075 660 2158 silra3

126 2167 306 2250 Dispensat
329 2165 439 2250 pueris
462 2168 622 2250 rogatque
646 2165 763 2250 longos

79 2254 223 2322 aeLevis
246 2275 369 2339 ponere
391 2253 506 2319 vilicus
530 2253 677 2339 capillos.

127 2343 182 2410 Sic
205 2365 256 2408 me
278 2343 403 2425 vivere,
426 2341 473 2407 sic
495 2342 587 2408 iuvat
609 2342 726 2428 perire.

548 2499 637 2566 XIX.

125 2609 165 2674 In
189 2607 327 2676 thermis
351 2607 453 2676 sumit
475 2606 634 2692 lactucas,
658 2629 734 2691 ova,
756 2587 929 2695 lacertum,
961 2669 968 2674 ,
1005 2667 1007 2670 ,

171 2697 218 2764 Et
239 2695 467 2765 cenare-domi
490 2717 526 2762 sc
548 2699 650 2783 negat
673 2695 844 2764 Aemilius.
885 2775 886 2778 Ἴ

556 2850 629 2920 XX

128 2963 237 3056 Quere
249 2986 325 3032 non
347 2961 480 3050 habeat,
502 2961 653 3047 Fabulle,
676 2961 806 3046 quaeris

126 3052 269 3132 Uxorem
293 3052 495 3122 Themison?
519 3051 622 3118 habet
644 3071 798 3118 sororem.

551 3209 639 3277 XXI.

98 3310 101 3316 ’
126 3318 326 3404 Municipem
349 3318 448 3406 rigidi
472 3318 544 3403 quis
568 3320 616 3402 te,
640 3314 807 3400 Marcella,
831 3311 961 3381 Salonis

171 3407 217 3473 ut
240 3409 384 3495 genitam
406 3407 530 3473 nostris
554 3407 627 3492 quis
651 3409 745 3490 putet
768 3426 839 3470 esse
862 3403 964 3470 locis?

127 3496 209 3562 Tam
232 3519 358 3582 rarum,
382 3502 451 3562 tam
475 3496 567 3562 dulce
590 3497 687 3580 sapie.
724 3493 856 3560 Palatia
879 3491 999 3587 dicent,

172 3585 346 3652 Audierint
369 3586 398 3651 ei
421 3590 454 3651 te
478 3584 531 3674 vel
554 3586 668 3671 semel,
692 3605 762 3652 esse
787 3605 893 3669 suam3
