2596 4032
190 208 268 286 '338
334 200 349 210 “
531 214 889 317 nvsnnenrnns
948 311 950 316 Ι
1090 221 1113 316 J
1169 163 1176 174 ’

567 379 708 448 curru
729 380 854 448 neec.
928 331 930 334 ’
991 463 994 468 ,

247 468 423 566 Splendida
446 499 520 544 curn
542 477 685 546 volitent
707 476 862 566 Spartani
885 475 1031 561 pondero
1054 475 1154 564 disei,

290 567 372 636 Este
393 565 520 654 procul,
534 605 536 610 ·
543 567 650 654 pueri:
673 568 718 634 sit
741 565 842 634 semel
864 565 922 638 ille
945 586 1074 632 nocens.
1205 601 1207 603 ·

322 719 325 724 '
566 705 693 776 CLXV.
717 708 858 776 Citlroro.

246 801 399 872 Reddidit
419 804 606 891 Eurydicen
627 807 709 872 veti:
733 805 791 872 sed
812 803 955 891 perdidit
977 805 1060 892 ipse,

291 892 379 960 Dum
402 893 466 960 sibi
486 915 553 961 non
577 894 679 962 credit
700 917 760 962 neo
781 893 946 980 patienter
969 899 1067 962 ornat

580 1034 723 1104 CLXVI.
745 1036 844 1103 Idem.

246 1129 297 1197 De
318 1130 518 1218 Pompeiano
543 1155 639 1222 saepe
663 1138 713 1200 est
736 1135 840 1201 eiecta
861 1133 992 1200 theatro

290 1218 379 1297 Ques
401 1221 494 1289 duxit
517 1223 616 1288 silvas
640 1223 844 1308 detinuitque
866 1221 962 1288 feres.
1024 1288 1025 1291 ,

534 1363 697 1433 CLXVII.
719 1363 886 1430 Plectrum

245 1455 382 1526 Fervida
403 1482 445 1526 ne
466 1461 546 1527 trito
568 1463 632 1528 tibi
654 1461 774 1549 pollice
796 1460 915 1546 pusulo
938 1462 1067 1546 surgat,

289 1546 459 1615 Exornent
482 1548 619 1617 ducilem
642 1549 781 1616 candide
802 1549 928 1634 plectro
950 1548 1071 1634 lyram..

534 1689 713 1758 CLXVIII.
738 1690 882 1757 Trochus.

132 1794 135 1798 ’
243 1795 429 1862 Inducenda
451 1801 525 1862 rote
549 1803 613 1864 est:
636 1797 694 1863 des
717 1797 812 1862 nobis
836 1796 918 1862 utile
941 1816 1072 1862 munus:

289 1883 357 1952 Iste
380 1884 518 1953 trochus.
536 1887 659 1972 pueris,
682 1890 717 1952 st
740 1885 822 1953 mihi
845 1883 982 1956 canthus
1005 1884 1076 1952 erit.
1126 1954 1129 1958 ,

577 2025 719 2094 CLXIX.
742 2027 839 2093 idern

244 2131 403 2200 Garrulus
427 2133 461 2198 in
484 2133 560 2199 laxo
583 2155 640 2200 eur
663 2133 779 2200 anulus
803 2133 881 2200 orbe
903 2133 1067 2221 regetur?

289 2219 392 2288 Cedet
415 2225 453 2287 ut
476 2222 602 2308 argutis
627 2221 723 2287 obvio
744 2222 843 2296 turbs
866 2222 1000 2290 trochis.

402 2360 526 2430 CLXX.
548 2361 682 2448 Signum
705 2363 857 2430 Victoriae
878 2383 1016 2431 aureum.

207 2443 213 2450 ’
242 2467 332 2536 Haeo
354 2467 405 2533 illi
429 2469 498 2534 sine
522 2473 610 2535 sorte
633 2469 741 2552 detur,
764 2469 817 2534 cui
838 2470 973 2535 nomine
995 2469 1134 2538 Rhenus

287 2555 376 2623 Vera
398 2556 495 2624 dedit
532 2557 646 2623 Decies
670 2557 751 2622 oddo
773 2555 926 2642 Falerno,
949 2580 1039 2645 puer.

486 2699 641 2786 Βρούτου
662 2699 799 2766 παιδίον
821 2701 920 2784 fictile.

242 2803 357 2871 Glorie
379 2807 449 2870 tam
472 2806 566 2892 perri
589 2827 654 2872 non
678 2810 728 2872 est
751 2808 890 2874 obscure
912 2807 1028 2894 sigilli:

286 2891 386 2958 Istius
409 2893 502 2976 pueri
523 2891 646 2960 Brutus
670 2900 799 2961 ametor
821 2901 899 2962 eret.

407 3031 564 3101 CLXXII.
586 3034 792 3104 Sauroctonos
815 3035 1019 3104 Corinthius.

240 3137 295 3206 Ad
316 3141 350 3204 te
373 3139 529 3225 neptunii,
552 3162 633 3225 puer
654 3141 822 3224 insidiose,
845 3143 984 3208 lacertae

285 3225 400 3296 Peroe:
423 3229 513 3314 eupit
536 3229 646 3315 digitis
669 3230 729 3295 illa
752 3231 857 3316 perire
880 3232 955 3298 tuis.

446 3370 646 3456 Hyacinthus
667 3372 702 3436 in
725 3371 832 3438 tudela
849 3375 961 3457 orders

241 3475 363 3542 Flectit
385 3477 427 3542 eb
450 3477 556 3542 inviso
580 3477 755 3542 morientis
777 3479 902 3544 lumine
924 3478 1012 3544 disco

287 3561 455 3650 Oebalius,
477 3563 602 3632 Phoebi
625 3566 719 3649 culpe
743 3567 912 3653 dolorque,
934 3588 1043 3652 puer..
