2596 4032
404 169 704 230 EPIGRAMMATON
722 169 789 230 ΙιΙΒ.
809 171 856 230 xl.
946 168 947 172 ¹
1065 173 1132 242 263

159 337 255 404 Basia
279 337 320 404 da
342 336 439 404 nobis
463 336 589 422 vetulo,
612 357 706 423 puer,
728 333 793 401 uda
816 333 971 417 Falerno,

200 427 323 494 Pocula
347 427 388 491 da
411 426 513 494 labris
537 425 626 492 facta
650 424 777 490 minora
800 424 874 492 tuis.

134 513 330 582 5Addideris
355 515 557 602 superhaec
580 513 718 580 Veneris
742 514 770 580 si
794 513 914 602 gaudia
936 533 1027 600 uera,
1060 549 1065 578 ι

204 605 283 672 Esse
306 625 423 691 negem
447 605 564 670 melius
587 625 671 670 cum·
685 601 875 689 Ganymede
898 600 979 670 Ioui.
1048 639 1051 656 ·

553 751 690 820 XXVH.
724 784 730 795 ·

160 847 295 918 Ferreus
319 874 368 938 es,
392 851 531 918 sistere
555 855 664 938 potest
687 850 747 917 tibi
772 850 932 936 mentula,
954 849 1084 936 Flacca,

206 937 285 1005 Cum
308 945 342 1007 te
366 963 423 1006 sex
446 940 583 1026 cyathos
607 943 681 1006 orat
704 938 809 1005 amica
831 939 918 1024 gari,
1001 957 1006 963 ’

160 1025 223 1092 Vel
247 1027 307 1096 duo
331 1029 437 1096 frusta
459 1033 557 1114 rogat
580 1029 666 1114 cybii
688 1032 858 1094 tenuemve
881 1028 1053 1108 lacertum,

204 1114 274 1182 Nec
298 1118 429 1205 dignam
452 1122 523 1184 toto
548 1139 582 1183 se
607 1118 768 1201 botryone
790 1119 899 1201 putat3

133 1201 222 1270 etlui
245 1209 355 1288 portat
378 1207 523 1293 gaudens
546 1205 667 1272 ancilla
689 1201 864 1292 parapside
887 1203 988 1270 rubra

204 1292 365 1380 Allecenu,
389 1295 445 1360 sed
469 1317 568 1382 quam
590 1294 742 1380 protinus
765 1293 829 1358 illa
843 1296 949 1380 voret3
986 1335 993 1346 ›

159 1380 230 1448 Aut
253 1404 327 1448 cum
350 1383 519 1470 perfricuit
542 1384 684 1449 frontem
707 1383 882 1469 posuitque
904 1380 1074 1469 pudoremy

205 1467 323 1536 Sucida
346 1473 482 1558 palliolo
505 1473 627 1538 vellera
651 1474 792 1558 quinque
815 1471 909 1556 petit.

159 1557 207 1624 At
230 1581 302 1625 mea
326 1583 377 1626 me
400 1561 520 1628 libram
543 1561 652 1626 foliati
675 1563 789 1646 poscat
812 1559 930 1646 amica,

114 1665 149 1715 ιο
204 1648 273 1714 Aut
294 1649 414 1715 virides
438 1671 586 1737 gemmas
609 1648 869 1734 sardonychasve
893 1669 1002 1736 pares,

159 1734 228 1803 Neo
251 1738 317 1802 niisi
340 1738 447 1821 prima
469 1738 550 1804 velit
574 1738 613 1804 de
636 1737 740 1804 Tusco
765 1735 875 1803 Serica
898 1737 991 1821 vico,
1126 1771 1128 1774 ·

204 1825 273 1891 Aut
296 1832 426 1892 centum
450 1827 600 1892 aureolos
625 1826 671 1893 sic
694 1826 784 1892 velut
807 1847 884 1892 aera
905 1830 1011 1910 roget.

158 1913 254 1980 Nune
275 1917 314 1980 tu
337 1915 420 1979 velle
443 1919 541 2000 putas
564 1915 645 1981 haec
668 1935 720 1980 me
743 1915 864 1980 donare
887 1913 1038 2000 puellae?

203 2001 305 2084 Nolo,
329 2002 385 2068 sed
407 2002 460 2069 his
483 2008 521 2070 ut
544 2003 589 2069 sit
611 2003 711 2090 digna
733 2003 844 2088 puella
867 2003 952 2070 volo.
1058 2041 1060 2045 ·

317 2115 319 2120 ’
546 2107 740 2220 xxvuul
877 2150 881 2158 ¹

107 2307 110 2311 .
157 2249 285 2316 Invasit
308 2249 425 2314 medici
447 2247 568 2317 Nasica
613 2248 798 2316 hrenetious
822 2245 931 2316 Eucti
979 2230 983 2234 ⁸

201 2338 248 2406 Et
271 2338 412 2424 percidit
434 2336 556 2424 Hylan*
628 2339 668 2424 ’0,
690 2341 785 2424 puto,
809 2360 907 2404 sanus
931 2340 1012 2404 erat.

563 2478 729 2545 ΧΧΙΧΝ

156 2575 329 2664 Languida
351 2599 426 2644 cum
448 2576 560 2644 vetula
582 2571 724 2641 tractare
747 2573 857 2640 virilia
880 2574 996 2640 dextra

127 2740 129 2742 ,
203 2665 362 2751 Coepisti,
385 2667 516 2751 iugulor
538 2665 671 2752 pollice,
694 2663 819 2748 Phylli,
842 2667 913 2730 tuo:

1 2760 8 2834 J
156 2753 341 2821 Nemeum
365 2775 417 2820 me
440 2776 579 2839 murem,
601 2775 675 2820 eum
698 2773 750 2818 me
773 2756 832 2818 tua
854 2752 978 2824 lumina
1002 2751 1095 2836 diois,

200 2842 302 2909 Horis
326 2864 379 2908 me
401 2843 491 2909 refici
513 2842 567 2908 uix
590 2845 671 2928 puto
694 2863 790 2927 possa
814 2839 934 2907 decem.

128 2929 343 3008 aBlanditias
366 2933 486 2998 neseis:
508 2930 632 3015 „dab0“
654 2931 705 2996 dic
727 2929 809 3014 „tibi
833 2929 924 2996 milia
947 2932 1078 3006 eentum

78 3049 81 3055 ·
200 3019 246 3089 Et
270 3020 355 3086 dabo
380 3019 484 3087 Setini
506 3021 620 3107 iugera
643 3019 733 3086 culta
756 3018 832 3102 soli;

1 3119 3 3133 '
155 3109 277 3193 Accipe
300 3111 391 3195 vina,
410 3109 555 3193 domum,
575 3129 708 3196 pueros,
726 3106 954 3192 chrysendeta,
973 3104 1130 3176 mansasfff
1176 3163 1180 3170 ,
1218 3117 1248 3172 'a‘

199 3195 257 3264 Nil
281 3220 363 3286 opus
387 3203 439 3264 est
463 3197 586 3285 digitis:
612 3200 659 3264 sia
681 3196 775 3279 mihi,
799 3195 924 3280 Phylli,
946 3195 1036 3261 frica.
1064 3219 1089 3228 ‘¹

604 3295 622 3320 u
695 3373 718 3420 u,
949 3292 1056 3319 ,......
1104 3274 1172 3314 ss:
1211 3319 1260 3380 ,ἵ

155 3436 200 3504 Os
223 3437 311 3504 male
335 3438 507 3506 causidicis
532 3441 565 3504 et
589 3438 669 3504 dieis
693 3438 782 3503 olere
804 3435 938 3521 poetis,
1004 3472 1007 3477 -
1057 3489 1061 3496 .

167 3595 169 3600 ,
200 3526 263 3595 Sed
286 3527 444 3614 fellatori,
469 3526 572 3613 Zoile,
595 3527 686 3612 peius
711 3526 788 3592 olet
