2528 4038
360 217 661 278 EPIGRAMMA'I'ON
680 219 748 277 ΗΒ.
768 219 801 276 V.
1043 219 1104 290 119

530 382 664 450 XLVII.

141 479 308 566 Nunquam
332 503 366 547 se
390 503 521 548 cenasse
545 481 633 548 dorni
656 479 751 547 Philo
775 482 877 567 iurat,
900 486 934 547 et
955 482 1018 550 hoc
1041 486 1104 550 eat:

180 567 250 636 Non
275 575 384 654 cenat,
407 571 558 656 quotiens
581 593 677 637 nemo
701 571 829 639 vocavit
852 593 933 638 eum

522 711 671 780 XLVIII.

141 806 217 885 Quid
239 833 306 879 non
330 811 420 898 cogit
441 811 556 878 amor?
579 811 682 878 secuit
704 809 837 879 nolente
860 771 998 898 capillos

179 899 344 985 Encolpus
367 899 513 983 domino,
536 923 602 966 non
625 899 821 986 prohibente
843 905 963 968 tamen.

2 1049 3 1058 ἶ
139 985 288 1053 PermisIt
310 989 464 1075 flevitque
486 988 629 1054 Pudens:
653 990 699 1055 sic
722 990 820 1056 ceseii
842 989 979 1056 habenis
1002 1067 1005 1075 ,

179 1076 303 1144 Audaci
327 1084 460 1164 questus
484 1077 523 1143 de
546 1077 751 1144 Phaethonte
774 1084 882 1164 pater:
917 1117 922 1123 -

2 1195 3 1250 3
114 1163 223 1230 slalis
246 1170 361 1251 raptus
384 1165 502 1252 Hylas,
524 1166 602 1231 talis
626 1167 802 1250 deprensus
825 1167 974 1234 Achilles

2 1254 3 1262 ’
179 1253 350 1340 Deposuit.
363 1255 522 1342 gaudens,
545 1259 651 1322 matre
674 1255 818 1341 dolente,
841 1278 960 1322 comas.

140 1339 198 1407 Sed
218 1350 254 1408 tu
272 1365 314 1410 ne
336 1365 477 1430 propera
498 1343 712 1410 -brevibus
734 1367 775 1410 ne
798 1343 891 1411 crede
914 1343 1041 1430 capillis
1058 1380 1106 1413 ,-·-
1229 1351 1234 1358 '

179 1431 348 1520 Tardaque
371 1455 432 1520 pro
455 1437 549 1498 tanto
572 1455 719 1516 munere,
742 1433 860 1520 barba,
882 1433 965 1500 reni.

138 1660 297 1731 Vidissem
320 1662 417 1730 modo
439 1662 525 1730 forte
539 1563 810 1730 Idciiirxiedehtem

2 1783 3 1810 r
140 1749 248 1818 Solum
271 1758 318 1838 te,
341 1751 498 1838 Labiene,
521 1756 590 1819 tres
613 1753 735 1840 putavi.

2 1845 3 1886 ἓ
138 1838 254 1907 Calvae
277 1863 329 1907 mc
352 1861 507 1908 numerus
531 1845 608 1906 tuae
630 1841 761 1908 fefellit:

137 1916 986 2015 smmfflmmwffl,'

2 2057 3 2060 =
110 2017 253 2094 5Quales
277 2020 329 2084 vel
351 2041 488 2104 puerum
512 2017 624 2084 decere
646 2016 788 2104 possint;

135 2105 266 2172 Nudum
289 2111 340 2174 est
363 2109 397 2172 in
420 2107 526 2172 medio
550 2111 663 2192 caput,
685 2128 744 2173 nec
766 2106 854 2172 ullus

2 2221 3 2252 r
135 2195 173 2262 In
195 2197 297 2282 longa
318 2197 406 2284 pilus
431 2217 507 2261 area
529 2199 673 2262 notatur.

135 2283 196 2351 Hic
219 2307 310 2351 error
332 2285 395 2350 tibi
417 2283 543 2370 profuit
563 2283 751 2369 Decembri,

2 2361 4 2436 l
134 2373 229 2458 Tum,
251 2397 326 2440 cnm
349 2375 487 2459 prandia
510 2373 601 2438 misit
623 2371 819 2458 Imperator:

2 2491 3 2496 ¹
94 2461 215 2528 rollum
238 2461 419 2546 panariolis
442 2463 549 2528 tribus
571 2459 717 2526 redisti'
773 2505 779 2514 -
900 2492 904 2500 =

2 2563 3 2596 ³
134 2550 248 2616 'Ialem
271 2550 456 2636 Geryonem
477 2549 579 2616 fuisse
603 2549 705 2616 credo.

134 2639 241 2724 Vites,
265 2662 393 2724 censeo,
417 2640 580 2725 porticum
602 2637 761 2723 Philippi:
849 2628 851 2633 ’

2 2785 3 2788 ,
135 2726 170 2794 si
192 2734 226 2795 ta
249 2729 369 2795 viderit
391 2727 562 2812 Hercules,
583 2727 708 2814 peristi.

580 2859 616 2926 L

2 2946 4 2980 '
135 2957 222 3026 Oeno
245 2959 336 3024 domi
359 2958 526 3044 quotiens,
547 2956 613 3022 nisi
635 2960 682 3040 te,
705 2955 903 3042 Charopina
926 2955 1054 3040 vocavi,

176 3048 333 3114 Protinus
355 3047 506 3134 ingentes
529 3051 606 3112 sunt
629 3045 832 3128 inimicitiae,

134 3133 250 3222 Meque
273 3141 368 3222 potes
391 3137 508 3202 sirleto
533 3135 677 3204 medium
700 3135 892 3220 transfigere
913 3133 1017 3219 ferro,
1126 3153 1129 3158 ·

178 3223 214 3292 Si
236 3229 388 3290 nostrum
412 3225 482 3291 sine
504 3228 539 3290 te
563 3225 625 3290 scis
649 3223 787 3289 caluisse
810 3223 928 3288 focum.

110 3311 202 3380 tNec
225 3314 326 3380 semel
350 3336 429 3402 ergo
453 3313 535 3380 mihi
557 3314 682 3380 furtum
706 3311 821 3377 fecisse
843 3310 980 3376 licebit?
1085 3341 1086 3344 ¹

176 3400 364 3488 Improbius
387 3403 471 3468 nihil
494 3407 545 3468 est
567 3403 642 3486 hac,
661 3399 863 3488 Charopine,
888 3399 975 3484 gula.
1005 3474 1006 3478 Ἰ

134 3489 253 3563 Desine
277 3491 344 3556 iam
366 3495 527 3569 nostram,
551 3513 679 3576 precor,
703 3490 877 3554 observare
900 3487 1056 3572 culmum,

177 3579 287 3665 Atque
306 3579 487 3664 aliquando
511 3601 603 3644 meus
627 3579 682 3644 det
704 3577 766 3642 tibi
788 3575 889 3642 verba
912 3597 1016 3642 cocus.
