2596 4034
170 223 234 298 166
497 227 535 286 u.
553 225 636 286 vau.
656 195 853 282 asarinus
902 299 904 302 Ι

618 386 735 458 unu.
762 337 828 448 as

214 501 278 580 Qui
299 503 414 567 tonsor
435 501 508 564 tota
530 496 640 564 fueras
663 493 855 562 notissimus
877 494 973 580 urba,

257 589 304 656 Et
326 592 403 675 post
425 587 487 652 hoa
510 586 660 652 dominae
683 605 816 651 munere
838 583 947 650 factus
970 604 1081 670 eques,

93 708 97 716 ·
214 676 360 744 Sicanias
383 675 480 742 urbes
504 674 714 759 Aetnaeaque
738 694 839 758 regna
861 673 990 758 petisti,

259 763 429 847 cinnama,
452 785 525 830 oum
548 762 678 850 fugeres
701 761 811 827 tristia
833 761 906 827 iura
928 760 1002 827 fori.

188 853 286 932 oQua
308 874 394 920 nunc
417 855 487 918 arte
511 873 627 936 graves
649 850 808 918 tolerabis
831 849 958 916 inutilis
982 848 1108 916 annos?

261 942 347 1021 Quid
367 941 449 1008 facit
471 941 587 1006 infelix
610 944 644 1007 et
665 939 806 1028 fugitiva
830 938 944 1024 quies?
1085 996 1087 998 ,

214 1031 292 1099 Non
313 1031 439 1114 rhetor,
461 1051 529 1096 non
552 1031 785 1117 grammaticus
808 1028 917 1094 ludive
941 1029 1112 1115 magister,

260 1119 337 1187 Non
360 1117 516 1206 Cynicus,
538 1139 605 1184 non
627 1122 665 1184 tu
689 1115 817 1184 Stoicus
840 1139 911 1184 esse
934 1121 1042 1203 potes,

215 1207 363 1276 Vendere
386 1230 447 1276 nae
469 1229 581 1276 vocem
605 1205 722 1274 Siculis
746 1207 960 1292 plausumque
983 1206 1139 1272 theatris:

174 1313 207 1363 ιο
262 1295 356 1375 Quod
379 1301 542 1384 superest,
564 1296 697 1378 iterum,
720 1293 893 1380 Cinname,
915 1299 1032 1380 tonsor
1054 1295 1127 1360 eris,

498 1507 501 1512 ,
615 1437 730 1511 unu
762 1401 814 1491 ν’

215 1545 272 1612 Lis
294 1548 328 1610 te
350 1544 401 1610 bis
425 1544 568 1610 decimae
590 1548 816 1610 numerantem
839 1543 964 1630 frigora
986 1545 1123 1612 brumae

261 1631 411 1700 Conterit
434 1656 498 1699 una
520 1633 641 1718 tribus,
665 1631 868 1719 Gargiliane,
890 1633 982 1700 foris.

216 1723 271 1789 Ah
294 1722 394 1788 miser
416 1723 450 1786 ct
472 1721 617 1788 demensi
640 1721 673 1786 ri
700 1721 760 1786 inti
783 1721 895 1808 litigat
919 1723 1014 1788 annis

115 1890 119 1896 ¹
260 1809 454 1897 Quisquam,
477 1811 529 1876 cui
552 1810 649 1894 vinci,
673 1742 878 1896 dargiliane,
902 1811 1000 1878 lieet?
1182 1809 1189 1845 '
1296 1901 1297 1904 Ἴ

216 2075 378 2146 Heredem
399 2074 520 2141 Fabius
543 1965 789 2141 mim-ep
811 2098 883 2142 asse
907 2077 1052 2164 reliquit:

259 2165 340 2234 Plus
363 2163 520 2231 meruisse
543 2167 654 2230 tamen
677 2186 711 2230 se
734 2163 898 2232 Labienus
922 2167 978 2234 ait.

475 2395 476 2401 Ν
615 2321 748 2390 aava.
761 2295 792 2379 ν’

216 2430 370 2498 Paedicat
392 2451 511 2516 pueros
534 2430 640 2494 tribas
662 2427 831 2496 Philaenis

217 2519 264 2584 Et
285 2520 446 2607 tentigine
469 2518 596 2584 saevior
619 2518 731 2584 mariti

217 2606 371 2674 Undenas
395 2608 485 2674 dolat
508 2608 543 2672 in
566 2606 616 2671 die
639 2607 776 2692 puellas.

217 2695 385 2782 Harpasto
409 2718 536 2782 quoque
560 2695 727 2782 subligata
749 2695 847 2781 ludit,
986 2731 991 2740 ·

192 2785 264 2851 sut
287 2783 433 2851 flavescit
454 2785 576 2871 haphe,
601 2806 780 2870 gravesque
805 2785 932 2852 draucis

67 2879 100 2929 t:
131 2871 142 2902 ²·
199 2933 202 2940 .
218 2873 373 2960 Halteras
396 2872 486 2939 facili
508 2877 598 2940 rotat
622 2873 758 2956 lacerto,

217 2961 264 3028 Et
286 2962 376 3046 putri
398 2961 561 3027 lutulenta
585 2962 623 3028 de
646 2963 812 3048 palaestra

218 3049 318 3116 Uncti
341 3051 473 3117 verbere
496 3053 630 3136 vapulat
653 3051 818 3138 magistri:

218 3139 288 3206 Nee
310 3144 405 3206 cenat
427 3140 516 3225 prius
540 3143 597 3204 aut
619 3141 779 3206 recumbit
801 3143 891 3226 ante,

177 3228 340 3304 10'Quam.
350 3232 475 3314 septem
498 3227 624 3294 vomuit
647 3251 754 3295 meros
778 3229 930 3316 deunces3
1025 3263 1027 3266 ·

219 3315 272 3381 Ad
295 3323 378 3401 quos
398 3317 449 3382 fas
474 3317 538 3383 sibi
561 3321 639 3384 tune
663 3321 758 3403 putat
782 3320 916 3404 reverti,

220 3402 303 3469 Cum
326 3405 497 3490 coloephia
520 3406 661 3472 sedecim
684 3407 835 3474 eomedit.

219 3490 301 3556 Post
323 3491 404 3558 haec
427 3493 536 3559 omnia
560 3517 633 3560 oum
656 3495 862 3580 libidinatur,

221 3576 298 3643 Non
319 3578 413 3646 fellat
432 3619 474 3630 —
493 3586 588 3668 putat
607 3583 670 3649 hoo
687 3607 801 3670 parum
820 3585 915 3650 virile
937 3622 991 3671 -,

1141 2027 1156 2078 l
