2610 4048
414 225 714 288 EPIGRAMMA'I'ON
732 231 800 290 LIB.
819 231 841 290 I.
1095 231 1136 298 19

129 389 237 459 5Non
247 395 449 498 possunt
423 417 492 461 srne
516 396 663 462 mentula
686 389 824 482 placere.

158 481 294 558 Quid'
269 506 297 548 ιι
321 505 372 550 me
395 483 548 550 iubeast
533 485 746 552 talassionem

126 570 278 637 Verbis
303 573 408 639 dicere
431 595 497 639 non
521 575 733 641 talassionis?

89 659 241 736 Quis
263 660 411 727 Floralia
433 663 535 728 vestit
557 667 592 729 et
614 664 772 730 stolatum

157 749 301 814 Permitt
287 751 329 815 ιιι
352 752 578 818 meretricibus
601 753 781 836 pudorem?

7 843 9 924 ξ
109 837 227 903 10Lex
249 839 330 906 haee
353 840 552 906 terminibus
577 841 633 906 dat
618 845 655 907 ta
677 843 760 908 est'
750 841 883 930 iocosis,

7 1203 9 1288 ι

7 1285 9 1346 l

10 3570 14 3625 l

10 3634 245 3770 ij.

158 925 211 992 Ne
233 929 376 1014 possint
398 929 464 994 nisi
486 931 651 1016 pruriant,
673 931 794 997 iuvare.
903 995 905 1000 .

160 1015 268 1093 Quare
292 1017 441 1103 deposita
464 1019 639 1084 severitate

158 1105 279 1171 Parcas
304 1107 431 1172 lusibus
455 1108 591 1174 ebrocis
615 1127 784 1193 rogamus,

159 1192 228 1260 Nec
252 1199 398 1260 castrare
420 1195 503 1261 velis
527 1219 616 1262 meos
640 1196 780 1262 libellos.
868 1208 875 1218 '
899 1245 904 1253 -

110 1301 147 1348 15
160 1281 257 1349 Gallo
280 1284 410 1369 turpius
434 1285 591 1351 estnihil
614 1285 744 1371 Priapo.

550 1443 699 1510 XXXVI.

158 1549 207 1636 Si,
229 1550 374 1632 Lucane,
396 1551 459 1616 tibi
484 1551 535 1617 vel
564 1551 592 1615 si
615 1551 689 1635 tibi,
713 1549 821 1635 Tulle,
846 1549 1001 1617 darentur

181 1601 299 1716 'Qun
287 1661 322 1704 ιι
344 1601 463 1704 Ledaei
486 1640 559 1706 ιιιι
581 1602 726 1705 Lacories
749 1639 886 1724 babent,
1003 1635 1008 1646 '

18 1799 21 1806 ,
154 1727 290 1794 Νοιιιιι
312 1728 394 1794 baec
418 1733 504 1794 esset
526 1730 615 1814 pieta
618 1729 660 1794 tis
684 1729 754 1794 rixa
778 1691 918 1814 (ιιιοιιιι,

202 1816 297 1893 Quod
319 1837 379 1902 pro
402 1816 506 1882 fratre
529 1819 612 1883 mori
635 1818 735 1882 uellet
720 1821 895 1902 tutorque
917 1817 1021 1904 prior,
1087 1825 1095 1839 '

125 1907 291 1972 sDiceret
301 1905 458 1976 infernas
482 1910 516 1972 et
539 1906 595 1992 qui
617 1907 707 1992 prior
729 1909 810 1972 isset
833 1907 873 1971 ad
896 1907 1044 1972 umbras:
1155 1968 1158 1973 .
1196 1970 1198 1976 ,

201 1993 306 2081 „Vive
328 1999 402 2080 tuo,
424 1995 540 2080 frater,
563 1999 725 2082 tempore,
748 1995 820 2060 vive
844 1995 945 2061 mec.“

543 2153 708 2220 XXXVII.

151 2258 294 2326 Ventris
317 2281 399 2325 onus
423 2259 557 2344 misero,
579 2281 638 2326 nec
660 2264 694 2325 te
717 2259 831 2346 pudet,
855 2259 975 2347 excipis
999 2285 1093 2346 auro,

201 2347 320 2434 Basse,
341 2348 428 2415 bibis
452 2349 551 2414 vitro:
577 2349 682 2414 carius
707 2369 786 2434 ergo
811 2369 914 2415 cacas.
971 2391 976 2397 -

339 2505 341 2508 ·
439 2477 717 2574 Ψιιιιιιιι.
817 2561 818 2564 ¹

153 2600 269 2692 Quem
284 2613 403 2680 recitas
427 2636 518 2680 meus
543 2619 606 2692 est,
631 2636 650 2679 o
673 2611 859 2698 Fidentine,
882 2613 1028 2682 libellus:
1152 2697 1154 2704 Ι

202 2701 266 2774 Sed
288 2703 375 2768 male
398 2724 472 2768 cunr
495 2703 628 2788 recitas,
651 2701 766 2787 incipit
789 2723 860 2766 esse
883 2706 967 2771 tuus.
1086 2779 1087 2782 Ἴ
1199 2783 1201 2791 Α

481 2935 483 2939 ⁴
549 2860 698 2927 XXXIX.

118 3036 122 3040 .
155 2969 192 3038 Si
206 2971 291 3056 'quis
315 2970 378 3048 erit
399 2991 493 3036 raros
517 2969 602 3034 iuter
625 2967 846 3034 numerandus
870 2969 1004 3053 amicos,

203 3057 323 3138 Quales
346 3059 455 3144 prisea
476 3059 557 3124 fides
580 3057 742 3145 famaque·
756 3057 850 3123 novit
873 3080 968 3142 anus,
1015 3113 1018 3117 .

154 3147 192 3214 Si
216 3148 289 3233 quis
313 3147 489 3235 Cecropiae
513 3148 662 3214 madidus
686 3147 862 3232 Latiaeque
887 3145 1051 3213 Minervae

201 3238 265 3304 Art
251 3237 339 3302 tibus
364 3241 398 3303 et
420 3259 498 3302 vera
521 3237 677 3322 simplicit
679 3241 732 3302 ate
758 3235 875 3318 bonus,

122 3325 191 3392 asi
215 3327 288 3411 quis
312 3326 376 3390 erit
398 3327 481 3391 recti
504 3331 628 3410 custos,
652 3325 751 3390 mirat
753 3346 790 3390 or
737 3323 945 3389 thonesti

199 3415 246 3480 Et
264 3413 349 3479 nihil
373 3437 493 3481 arcano
518 3415 574 3500 qui
596 3436 657 3500 rog
636 3417 692 3479 σει
716 3435 771 3480 ore
794 3412 887 3497 deos,

97 3545 99 3548 -
155 3501 191 3570 Si
215 3503 288 3590 quis
312 3503 374 3568 erit
397 3525 538 3588 magnae
562 3504 718 3568 subnixus
743 3502 861 3568 robore
885 3503 976 3565 ment
976 3499 1019 3564 is·

199 3593 406 3679 Dispeream,
431 3593 459 3657 si
481 3615 549 3658 non
570 3592 625 3658 bic
648 3590 809 3679 Decianus
834 3589 903 3654 erit

930 3689 969 3746 2*
