2596 4032
340 293 341 296 .
394 224 691 300 nemmmnmou
711 227 778 288 am.
797 227 870 285 xm
1070 229 1134 298 309
1209 304 1211 308 .

499 387 556 456 XI.
578 391 749 458 Hordeum.

159 485 262 553 Mulio
286 487 373 574 quod
395 509 462 554 non
486 487 542 554 det
565 489 730 574 tacituris,
754 489 877 574 accipe,
899 487 1008 556 mulis.

204 575 295 643 Haeo
318 597 380 664 ego
403 579 536 664 seponi,
557 600 626 644 non
647 579 710 644 tibi
733 578 818 644 dona
841 577 923 650 dedi.

467 717 542 785 XII.
564 721 782 788 Frumentum.

159 815 357 883 Tercentum
379 815 496 903 Libyci
519 817 646 885 modios
671 818 709 883 de
733 837 838 884 mesae
861 816 969 884 coloni

205 904 316 993 Sume,
339 907 546 974 suburbanus
569 929 611 973 ne
634 907 795 974 moriatur
817 927 904 994 ager.

515 1047 607 1115 XIII.
630 1049 737 1116 Betae.

158 1143 207 1211 Ut
230 1143 508 1233 sapientialem,
530 1145 699 1212 fabrorum
722 1145 873 1231 prandia,
897 1146 1005 1232 betae,

95 1321 99 1327 Ι
204 1231 233 1299 0
256 1256 355 1320 quam
379 1257 475 1321 saepe
498 1239 590 1320 petet
612 1236 689 1300 vina
712 1234 868 1321 piperque
891 1237 1000 1302 eoous!

496 1375 585 1443 XIV.
608 1377 754 1443 Laetera

160 1471 299 1540 Cludere
322 1495 405 1560 quae
427 1495 524 1540 aenas
548 1476 675 1541 lactuca
698 1474 827 1540 solebat
850 1495 999 1558 avorum,

204 1562 267 1629 Die
289 1563 386 1650 mihi,
407 1585 465 1630 our
487 1569 619 1630 nostras
642 1563 776 1629 inchoat
798 1563 859 1628 illa
881 1561 1002 1650 dapes?
1131 1631 1141 1644 .

425 1671 521 1771 ¹fmr.
544 1705 650 1789 aaut
670 1724 802 1789 aeona

159 1809 196 1877 Si
219 1811 327 1878 vicina
348 1811 412 1877 tibi
434 1809 601 1878 Nomento
624 1833 701 1876 rura
724 1810 884 1898 colantur,

134 1961 136 1968 ,
204 1900 258 1965 Ad
281 1900 395 1969 villam
418 1921 549 1985 moneo,
572 1902 706 1985 rustice,
729 1900 822 1988 ligna
843 1901 975 1976 ferus,
1075 1918 1078 1924 ’

516 2040 605 2108 XVI.
627 2041 732 2127 Rapa.

158 2147 250 2215 Haeo
271 2149 334 2216 tibi
356 2148 499 2215 brumali
523 2148 702 2236 gaudentia
724 2147 847 2236 frigore
870 2171 951 2236 repa

204 2237 294 2344 Quae
317 2239 446 2323 damus,
468 2239 504 2303 in
527 2239 616 2304 eaelo
640 2237 799 2304 Romulus
824 2259 894 2304 esse
918 2237 1009 2306 solet.

430 2377 536 2446 XVII.
558 2379 672 2448 Fascis
693 2381 822 2448 eoliueli.

158 2485 211 2554 Ne
233 2485 295 2552 tibi
318 2486 478 2572 pallentes
502 2491 657 2555 moveant
678 2487 813 2554 fastidIa
836 2487 959 2576 caules,

202 2573 336 2641 Nimata
359 2575 474 2643 viridis
497 2575 644 2642 brassica
666 2576 726 2642 liat
749 2597 843 2663 aqua.
871 2635 873 2640 .

435 2715 558 2783 XVIII.
582 2715 680 2784 Porri
700 2717 812 2786 sentiet.
934 2731 943 2750 ·

157 2821 234 2889 Fila
255 2821 426 2890 Tarentini
450 2823 596 2909 graviter
618 2823 801 2890 redolentia
823 2825 914 2911 porri
975 2819 978 2824 ’

203 2911 314 2979 Edisti
336 2913 500 2999 quotiens,
523 2914 635 2980 oscula
657 2913 748 2980 elusa
771 2914 858 2981 dato.
993 3004 996 3012 Ι
1111 2933 1115 2940 ·

439 3053 528 3123 xix,
550 3053 648 3122 rora·
669 3055 807 3140 caprae.
914 3091 917 3097 -

157 3158 263 3227 Mittit
286 3161 479 3248 praecipuos
502 3163 679 3230 nemoralis
703 3161 815 3228 Aricia
837 3186 968 3249 porroet

202 3249 242 3315 In
264 3250 360 3317 niveo
383 3251 505 3318 virides
529 3253 643 3338 stipite
667 3273 763 3318 cerne
786 3274 905 3322 eomas.
1025 3295 1029 3300 -

528 3393 599 3460 XX.
622 3396 720 3480 Napi.

11 3521 31 3580 χ
155 3497 228 3566 Hos
250 3497 444 3568 Amiternus
468 3522 548 3589 ager
570 3503 720 3570 felicibus
744 3502 861 3569 educat
882 3502 1003 3570 hortis:

200 3589 362 3658 Nursinas
385 3591 511 3678 poteris
533 3593 664 3677 parcius
688 3614 758 3660 esse
781 3592 875 3679 pilae.

17 3133 74 3170 ι,
