2596 4034
6 3633 8 3674 l

6 3697 8 3770 ι
88 3711 90 3714 ’
139 3721 145 3730 .

388 231 687 290 EPIGRAMMATON
704 233 771 294 LIB.
790 235 850 292 Vll.
1057 237 1121 303 167

94 415 129 464 15
143 395 211 463 Sed
235 397 330 483 plane
354 397 478 466 medias
502 369 597 465 vorat
619 397 756 486 puellas.

142 486 192 552 Di
215 493 357 552 mentem
381 486 444 552 tibi
467 487 545 554 dent
568 493 674 573 tuam,
697 485 860 574 Philaeni,

144 574 300 644 Cunnum
323 577 448 662 lingere
472 599 555 662 quae
578 583 675 664 putas
698 575 822 644 virile·
845 632 848 636 .
972 628 976 636 .

538 718 690 786 cxvrn.
727 699 763 764 V

144 823 384 902 Commendare
406 847 511 912 meas,
533 825 684 892 Instanti·
701 825 798 912 Rufe,
822 821 982 894 Camenas

63 994 66 998 Ι
192 911 294 980 Parce
316 936 431 1000 precor
456 937 581 982 socero:
606 917 691 982 seria
713 914 826 981 forsan
849 920 963 983 amat·

144 1001 295 1078 Quodsi
318 1003 460 1070 lascivos
485 1004 632 1070 admittit
655 1005 766 1070 atille
790 1004 937 1090 libellos,
970 1063 974 1070 .
1026 1061 1029 1069 .

193 1090 284 1157 Haec
308 1113 369 1180 ego
392 1093 444 1160 vel
467 1091 573 1160 Curio.
590 1093 805 1178 Fabricioque
828 1093 947 1180 legam

556 1233 672 1304 LXIX.
706 1227 740 1300 p*

144 1339 240 1408 Haec
262 1345 313 1407 est
335 1342 395 1407 illa
417 1341 480 1406 tibi
502 1343 664 1427 promissa
686 1339 882 1427 Theophila,
906 1339 1002 1427 Cani,

193 1428 292 1496 Cuius
316 1427 474 1517 Cecropia
496 1435 631 1516 pectora
654 1451 732 1517 voce
756 1430 903 1496 madent:
1017 1496 1019 1500 ,

146 1519 243 1586 Hanc
267 1519 330 1586 sibi
353 1520 422 1586 iure
445 1523 538 1606 petat
561 1521 673 1606 magni
696 1521 782 1585 senis
806 1520 937 1586 Atticus
961 1519 1091 1605 hortus,
1129 1529 1130 1532 ’

193 1607 263 1674 Nec
286 1609 393 1674 minus
418 1631 488 1674 esse
513 1631 606 1674 suem
629 1606 740 1674 Stoica
762 1607 860 1674 turba
882 1608 970 1675 velit.

111 1697 247 1782 cVivet
270 1719 352 1782 opus
376 1697 588 1782 quodcunque
610 1719 670 1782 per
691 1697 753 1762 has
777 1698 923 1764 emiseris
947 1718 1055 1764 aures:
1192 1747 1193 1751 ,

192 1785 273 1852 Tam
296 1807 364 1850 non
385 1786 562 1852 femineum
584 1807 645 1851 neo
667 1786 825 1872 populare
848 1786 944 1872 sapit.

144 1876 225 1944 Non
246 1878 305 1940 tua
327 1873 504 1941 Pantaenis
527 1875 665 1940 nimium
689 1897 724 1940 ae
746 1875 919 1960 praeferat
932 1875 997 1961 illi,

194 1963 350 2040 Quamvis
373 1963 481 2030 Pierio
505 1964 549 2028 sit
573 1965 653 2029 bena
676 1968 757 2030 nota
779 1965 888 2030 choro.

144 2052 303 2120 Carmina
326 2053 504 2138 fingentem
528 2051 662 2138 Sappho
685 2053 832 2118 laudavit
856 2052 1008 2118 amatrix:
1111 2109 1115 2115 .
1251 2056 1255 2081 ¹

92 2161 133 2211 10
193 2141 325 2210 Castior
347 2143 441 2226 haec,
464 2145 498 2208 et
519 2163 586 2207 non
610 2142 736 2207 doctior
757 2143 817 2208 illa
839 2141 911 2207 fuit.
970 2175 973 2180 ·
1078 2147 1080 2151 '

563 2281 661 2349 Lxx
696 2279 725 2333 a

143 2389 488 2478 Ipsarumtribadum
511 2389 629 2475 tribas,
650 2388 813 2476 Philaeni,

45 2477 51 2493 '
143 2481 262 2566 Recte,
287 2502 385 2567 quam
408 2479 524 2566 futuis,
547 2499 645 2546 rocas
670 2478 817 2547 amicam.
849 2521 851 2526 -

416 2636 421 2646 ·
554 2617 671 2687 LXXI.
708 2605 745 2672 ‘f‘
806 2669 807 2672 η
879 2625 881 2628 ’

143 2728 265 2796 Ficosa
288 2730 339 2793 est
362 2749 458 2812 uxor,
480 2727 599 2792 ficosus
624 2731 657 2793 et
678 2725 749 2812 ipse
773 2726 925 2813 maritus,

192 2815 278 2882 Filia
300 2817 402 2883 ficosa
425 2821 476 2882 est
499 2820 533 2881 et
556 2837 656 2904 gener
680 2819 778 2900 atque
800 2837 916 2901 nepos,
1033 2836 1035 2840 ·

143 2905 218 2973 Nec
241 2905 450 2991 dispensator
472 2926 532 2972 nee
554 2905 671 2971 vilicus
694 2904 803 2970 ulcera
826 2905 916 2992 turpi
1049 2965 1050 2970 ,

192 2993 261 3060 Nec
283 2995 411 3080 rigidus
434 2996 555 3074 fossor,
579 2993 635 3060 sed
657 3014 717 3058 nea
740 2996 853 3060 arator
877 2997 961 3080 eget.

114 3082 231 3152 cOum
255 3084 322 3150 sint
343 3084 584 3170 ficosi‘pariter
606 3083 802 3168 iuvenesque
826 3105 997 3170 senesque,

191 3171 256 3240 Res
280 3173 364 3240 mira
387 3177 452 3258 est,
474 3173 553 3240 ficos
576 3171 766 3239 nonhabet
789 3193 871 3236 unus
896 3194 984 3260 ager.

548 3313 735 3384 LXXIIM

145 3421 268 3488 Gratus
293 3423 340 3488 sio
363 3423 439 3506 tibi,
461 3422 576 3508 Paule,
600 3419 860 3506 sitDeoember,

144 3511 216 3578 Nec
238 3513 315 3578 vani
338 3511 484 3598 triplices
508 3513 688 3597 brevesque
712 3531 850 3598 mappae
932 3554 934 3558 .

132 3599 215 3684 ¹,Nec
238 3597 323 3671 t'uris
339 3601 480 3668 ¹veniant
504 3601 603 3686 leves
619 3600 773 3678 selibrae,
834 3633 837 3639 ·
