2610 4048
203 210 250 276 44
529 209 568 270 Μ.
586 207 669 266 VAL.
687 207 895 267 Mnuumls

251 373 331 440 Inde
355 375 440 459 petit
462 377 591 441 eentum
615 372 791 458 pendentia
813 375 902 438 tecta
924 371 1096 457 columnis,

207 478 240 529 ιο
293 461 392 529 Illino
414 462 548 546 Pompei
572 461 657 526 dona
679 481 859 546 nemusque
883 460 1009 546 duplex.

250 549 320 618 Neo
342 549 515 618 Fortunati
538 549 664 635 speruit
686 571 746 615 neo
769 550 889 614 balnea
911 547 1038 634 Fausti,

232 654 235 658 ’
294 637 363 706 Neo
386 639 492 725 Grylli
515 637 668 704 tenebras
692 637 904 722 Aeoliamque
926 635 1024 724 Lupi:

251 725 337 795 Nam
359 727 496 794 thermis
518 727 636 792 iterum
660 727 762 792 ternis
784 726 966 812 iterumque
989 727 1127 803 lavatur.

295 815 413 884 Omnia
436 839 509 884 oum
530 814 622 894 iecit,
646 814 703 880 sed
725 817 881 881 renuente
905 813 978 894 deo,

207 919 240 970 ro
248 903 352 972 Lotus
377 905 418 970 ad
440 905 589 988 Europes
611 904 740 989 tepidae
763 903 886 969 buxeta
908 904 1059 989 recurrit,

294 990 330 1058 Si
353 995 425 1080 quis
448 993 496 1060 ibi
518 1014 626 1060 serum
648 995 763 1076 carpat
786 991 909 1058 amicus
933 992 1006 1058 iter.

250 1080 311 1146 Per
333 1084 367 1148 te
389 1103 511 1168 perque
528 1086 638 1162 tuam,
661 1083 774 1146 ventor
796 1079 931 1162 lasciva,
954 1081 1114 1166 puellam,

294 1167 348 1253 Ad
370 1191 483 1236 aenam
506 1167 628 1236 Selium
651 1174 703 1254 tu,
725 1170 822 1257 rogo,
845 1171 953 1250 taure,
976 1191 1081 1236 voca

676 1327 747 1394 xv.
760 1294 801 1392 f

250 1431 343 1511 Quod
365 1435 450 1504 nulli
472 1435 606 1502 calicem
628 1439 722 1500 tuum
746 1433 918 1520 propinas,
975 1499 976 1502 ,
1035 1473 1038 1476 -

250 1519 401 1588 Humane
422 1523 517 1604 facis,
540 1523 676 1603 Horme,
699 1544 765 1588 non
789 1522 937 1608 superbe.
996 1602 1000 1626 ;
1127 1605 1129 1608 Ι

626 1639 627 1644 ¹
669 1679 758 1748 XVI.
774 1667 823 1733 ν’
875 1680 876 1684 '

250 1785 361 1853 Zoilus
385 1793 548 1876 aegrotat:
570 1789 695 1856 iaciunt
717 1788 802 1854 bano
826 1789 974 1875 stragula
995 1787 1133 1856 febrem.

58 1958 61 1962 .
142 1955 145 1960 Α
200 1959 204 1963 ἡ
296 1874 331 1942 Si
353 1876 452 1942 fuerit
474 1899 586 1960 sanus,
610 1877 739 1944 coccina
762 1875 839 1962 quid
861 1876 1006 1944 facient?

250 1961 335 2040 Quid
357 1969 448 2031 torus
472 1989 492 2032 a
514 1964 607 2050 Nilo,
630 1966 707 2052 quid
731 1961 853 2040 Sidone,
872 1965 995 2034 tinctus
1019 1967 1145 2032 olenti?

125 2053 129 2059 “
271 2051 446 2120 'Ostendit
469 2054 588 2120 stultas
612 2055 689 2139 quid
710 2054 775 2119 nisi
798 2055 932 2120 morbus
951 2056 1051 2140 opos?

132 2143 154 2146 ”
223 2139 338 2218 souin
360 2139 422 2207 tibi
445 2164 518 2208 aum
541 2141 694 2208 medicis?
723 2141 851 2208 dimitte
873 2142 1071 2209 Machaonas
1096 2165 1231 2212 omnes.
1296 2159 1297 2248 q

291 2227 356 2294 'Vis
379 2230 450 2296 fieri
473 2231 594 2296 sanus?
618 2231 766 2318 stragula
789 2253 880 2296 sume
904 2253 985 2298 mea.

1296 2345 1297 2386 l

659 2389 765 2456 xvu.
779 2353 845 2422 “s
1296 2421 1297 2508 q

250 2495 404 2562 Tonstrix
428 2493 572 2561 Suburae
595 2495 742 2562 faucibus
767 2497 858 2562 sedet
880 2498 1009 2584 primis,
1041 2549 1042 2552 ,

173 2631 174 2634 κ
250 2582 392 2651 Cruenta
414 2584 555 2668 pendent
579 2607 643 2668 qua
666 2585 798 2670 flagella
821 2590 984 2652 tortorum

203 2671 225 2749 „s”
250 2671 396 2758 Argique
419 2673 521 2738 letum
545 2675 666 2738 multus
691 2674 821 2739 obsidet
845 2679 945 2740 sutor.
1069 2711 1070 2714 ¹

250 2758 313 2826 Sed
335 2761 399 2825 ista
422 2761 576 2845 tumtur,
598 2761 787 2846 Ammiane‚
808 2785 875 2828 non
898 2763 1024 2846 tondet,

223 2847 325 2929 oNon
348 2849 477 2934 tondet,
499 2849 642 2935 inquam.
679 2849 763 2926 Quid
786 2851 888 2937 igitur
909 2850 1011 2918 fauit?
1048 2851 1158 2919 Radit.

647 3007 769 3076 XVIII.
791 3001 824 3054 ’ν’

249 3112 353 3198 Capto
376 3117 481 3200 tuam,
499 3114 599 3201 pudet
616 3115 694 3201 heu,
713 3117 770 3182 sed
788 3121 898 3202 capto,
916 3115 1072 3202 Maxima
1091 3141 1224 3206 cenam,

292 3202 342 3267 Tu
365 3207 478 3288 captas
503 3204 614 3269 aliam:
638 3205 704 3270 iam
728 3227 840 3270 sumus
865 3227 943 3290 ergo
966 3229 1071 3293 pares.
1105 3279 1106 3282 Ἴ

247 3289 346 3357 Mane
369 3293 548 3358 salutatum
571 3293 680 3378 venio,
705 3297 742 3360 tu
765 3295 880 3360 diceris
904 3298 970 3361 isse
1082 3359 1083 3362 ,

291 3380 379 3445 Ante
403 3383 593 3447 salutatum:
617 3383 682 3447 iam
706 3405 818 3448 sumus
843 3405 921 3470 ergo
946 3407 1050 3469 pares.

223 3467 329 3535 uSum
353 3491 461 3536 comes
484 3471 554 3556 ipse
577 3475 654 3536 tuus
678 3472 858 3558 tumidique
882 3473 1093 3538 anteambulo
1117 3475 1219 3562 regis,

292 3555 342 3622 Tu
365 3579 472 3626 comes
497 3559 645 3625 alterius:
668 3560 734 3625 iam
758 3581 870 3626 sumus
884 3581 972 3652 ergo
996 3584 1101 3648 pares.
