2596 4032
352 247 648 308 EPIGRAMMATON
665 250 733 308 LIB.
753 251 812 311 XII.
1025 255 1091 322 305

505 363 508 368 ⁵
541 413 625 482 xor.
650 369 718 466 ss

118 506 306 574 Communis
330 510 393 576 tibi
416 534 489 578 cunr
513 513 597 600 viro,
620 511 782 600 Magalla,

101 594 198 663 'Cum
223 599 266 662 sit
289 600 430 666 lectulus
455 605 488 667 ct
511 603 555 668 sit
579 602 739 687 exoletus,
909 678 911 684 7

118 685 237 766 Quare,
261 687 312 755 dic
335 689 430 775 mihi,
453 712 520 758 non
544 691 588 756 sit
611 695 643 757 et
665 690 822 757 minister.
917 699 923 752 l

118 771 390 862 Suspiras31atio
414 783 479 865 est,
503 780 599 846 times
623 781 785 867 lagonam.

472 904 476 910 ’
517 892 631 996 'xom

117 1021 220 1109 Saepe
244 1045 361 1110 rogare
387 1025 485 1112 soles,
509 1011 615 1114 qualis
639 1029 715 1113 sim,
738 1027 861 1112 Prisce,
884 1028 1027 1113 futurus,
1048 1007 1061 1077 l
1165 1117 1166 1120 Ἴ

162 1110 199 1188 δί
220 1113 297 1178 fiam
321 1113 467 1199 locuples
491 1116 618 1202 simque
640 1121 773 1202 repente
796 1121 921 1202 potens.

117 1199 319 1287 Quemquam
342 1225 439 1286 posse
462 1209 559 1290 putas
584 1226 689 1271 mores
712 1228 846 1275 narrare
869 1205 1021 1273 futuros?
1078 1250 1079 1256 κ

107 1321 109 1328 ·
160 1289 223 1357 Dic
246 1291 341 1378 mihi,
365 1292 394 1358 si
416 1293 476 1358 fias
501 1299 538 1360 tu
562 1295 627 1380 leo,
651 1295 757 1381 qualis
781 1295 868 1361 eris?

521 1434 639 1503 ΧΟΙΠ.
654 1373 683 1482 ‘A

116 1527 189 1606 Qua
211 1530 381 1596 moechum
405 1531 532 1598 ratione
555 1533 700 1598 basiaret

116 1617 236 1684 Coram
260 1619 409 1706 coniuge,
431 1623 577 1706 repperit
598 1621 746 1688 Fabulla.
877 1677 881 1684 .

116 1706 258 1772 Parvum
281 1709 390 1774 basiet
412 1731 515 1795 usque
539 1711 733 1796 morionem:

116 1795 214 1862 Hunc
237 1797 350 1862 multis
374 1799 462 1882 rapit
485 1799 604 1866 osculis
628 1799 812 1866 madentem
937 1864 940 1870 .

91 1885 274 2038 sffoeohus
297 1888 462 1972 protinus,
486 1890 519 1953 et
543 1887 609 1953 suis
633 1889 795 1972 repletum

148 1973 251 2038 identi
275 1974 424 2041 dominae
447 1975 560 2041 statim
584 1976 732 2042 remittit
962 1976 967 1982 ’
1048 1975 1051 1982 “

117 2061 249 2138 Quanto
273 2063 378 2131 morio
401 2064 506 2130 maior
530 2069 580 2130 est
603 2065 755 2132 maritus!

99 2163 104 2193 l

522 2203 639 2272 XCIV.

116 2301 346 2368 Scribebamus
370 2322 463 2388 epos3
486 2302 623 2388 coepisti
647 2303 800 2368 scribere:
824 2304 919 2390 cessi,

162 2391 303 2456 Aemula
325 2395 517 2472 aestarent
540 2391 684 2458 carmina
706 2397 822 2458 nostra
844 2393 919 2459 tuis.

115 2478 301 2546 Transtulit
325 2478 533 2566 adtragicos
563 2501 597 2544 se
620 2484 735 2546 nostra
754 2479 874 2547 Thalia
897 2482 1089 2550 cothurnos:

163 2567 298 2654 Aptasti
320 2567 456 2654 longum
479 2573 515 2632 tu
540 2589 668 2654 quoque
691 2591 802 2654 syrma
822 2570 892 2635 tibi.

89 2656 189 2722 5Fila
213 2657 304 2741 lyrae
325 2657 416 2730 ¹movi
439 2655 587 2722 Calabris
612 2657 741 2722 exculta
763 2655 929 2724 Camenis:
1064 2691 1076 2710 ν

162 2745 295 2810 Plectra
317 2745 407 2830 rapis
430 2745 539 2829 nobis,
563 2745 750 2831 ambitiose,
772 2767 867 2813 nova.

116 2833 286 2899 Audemus
311 2836 454 2900 saturas:
477 2833 621 2900 Lucilius
642 2856 712 2900 csse
735 2834 875 2902 laboras.
984 2855 986 2860 ’

162 2921 254 2988 Ludo
278 2921 367 2988 leves
391 2922 516 3009 elegos:
538 2927 575 2990 tu
599 2945 726 3010 quoque
749 2924 834 2988 ludis
857 2922 951 2992 idem.

117 3011 204 3090 Quid
222 3010 330 3076 minus
350 3033 420 3077 csse
439 3013 572 3098 potest?
590 3014 829 3099 epigrammata
846 3014 969 3100 fingere
983 3016 1089 3103 coepi:

72 3118 105 3168 ro
163 3099 251 3165 Hinc
275 3101 375 3166 etiam
398 3101 522 3186 pet'tur
545 3102 612 3167 iam
635 3123 708 3166 mea
730 3101 841 3185 palma
863 3103 934 3169 tibi.

115 3189 228 3274 Elige,
243 3189 320 3274 quid
333 3189 418 3255 nolis
431 3227 470 3238 -
483 3190 657 3276 quiseuim
672 3189 789 3274 pudor,
804 3191 914 3257 omnia
929 3191 1090 3264 vellelr-

162 3277 208 3342 Et
231 3277 259 3342 si
283 3279 362 3364 quid
384 3300 452 3345 non
475 3280 538 3364 vis,
561 3279 693 3441 Tucca7
701 3278 848 3366 relinque
871 3278 960 3345 mihi.

114 3479 510 3604 Musaei-pathicissimos
532 3420 681 3604 libellos,

116 3606 181 3684 Qui
204 3611 333 3674 certant
357 3605 551 3694 Sybariticis
575 3608 712 3693 libellis,
1028 3697 1030 3700 ι

122 3719 207 3764 Mur.
367 3725 370 3731 ’
894 3715 930 3766 20
1054 3763 1055 3766 ,
