2596 4034
375 207 675 267 EPIGRAMMA'ION
693 209 761 267 ΜΒ.
781 209 815 270 Χ.
1038 213 1104 280 253

130 373 202 440 Iam
225 373 353 460 scrobe,
375 374 443 439 iam
466 375 567 460 lecto,
590 375 657 440 iam
679 373 877 462 pollinctore
900 379 1017 464 parato

174 461 337 530 Heredem
361 463 494 550 scripsit
517 485 569 530 me
593 464 715 530 Numa:
739 465 915 536 convaluit.

521 603 672 672 XCVIII.

132 711 243 780 Addat
266 734 339 779 cum
362 711 444 800 mihi
466 709 652 779 Caecubum
675 711 825 780 minister

133 801 230 868 Idaeo
253 799 429 868 resolutior
452 799 601 888 cinaedo,

133 889 203 966 Quo
226 911 286 957 nce
308 890 378 956 filie
400 889 520 957 cultior
541 887 602 958 neo
624 913 707 958 uxor

133 977 203 1046 Nee
226 983 331 1046 mater
354 983 413 1046 tua
435 1000 495 1046 nec
520 999 612 1045 soror
635 979 811 1066 recumbit,

107 1068 193 1135 5Vis
217 1073 361 1155 spectem
384 1069 494 1154 potius
518 1073 593 1134 tues
614 1067 764 1136 lucernas

133 1159 202 1223 Aut
224 1158 344 1224 citrum
366 1162 459 1222 uetus
483 1156 677 1242 Indicosque
699 1158 836 1224 dentes?

135 1247 311 1332 Suspectus
335 1245 461 1312 tibine
484 1250 597 1312 temen
619 1246 820 1328 recumbam,

134 1336 270 1402 Praesta
292 1336 332 1402 de
356 1355 456 1422 grege
480 1332 674 1420 sordidaque
697 1335 777 1402 uilla

134 1425 274 1508 Tonsos,
296 1425 494 1504 horridulus,
517 1424 628 1508 rudes,
651 1425 804 1512 pusillos.

91 1532 123 1580 ιο
134 1513 266 1580 Hircosi
288 1513 370 1578 mibi
393 1513 478 1579 filios
502 1513 639 1580 subulci.

134 1601 250 1668 Perdet
274 1607 306 1668 te
329 1601 423 1669 dolor
445 1601 511 1667 hic:
534 1601 803 1687 habere,·Publi,

134 1691 243 1759 Mores
266 1713 333 1759 non
356 1695 450 1778 potes
474 1691 535 1758 hos
560 1691 676 1756 ethos
699 1691 880 1757 ministros.

542 1829 657 1898 XCIX.

135 1911 342 2007 Sillomana
364 1937 475 2005 iorent
496 1938 576 2005 haec
600 1937 745 2005 Socratis
769 1959 841 2022 ore,
864 1937 1004 2006 fuissent

60 2071 62 2075 s
177 2028 281 2094 Iulius
305 2029 340 2094 in
364 2027 492 2114 Satyris
515 2029 626 2113 qualia
649 2027 754 2092 Rufus
777 2027 886 2093 habet.

123 2145 222 2182 ¹*
581 2166 617 2234 o.

134 2277 233 2363 Quid,
257 2277 371 2360 stulte,
392 2276 515 2342 nostris
539 2273 686 2342 versibus
709 2278 784 2341 tuos
808 2275 947 2342 misces?

135 2366 218 2435 Cum
241 2366 393 2450 litigante
417 2364 495 2451 quid
518 2364 595 2448 tibi,
618 2363 732 2448 miser,
754 2363 862 2431 libro?

135 2455 220 2534 Quid
242 2475 446 2542 congregare
469 2475 542 2521 curn
566 2453 717 2519 leonibus
739 2453 856 2540 vulpes

134 2543 329 2629 Aquilisque
353 2543 606 2609 similessacere
628 2545 765 2608 noctuae
789 2541 942 2629 quaeris?

108 2633 268 2700 oHabeas
291 2633 403 2699 licebit
426 2631 566 2698 alterum
589 2631 704 2716 pedem
727 2629 851 2716 Ladae,

134 2722 264 2808 Inepte,
286 2722 412 2788 frustra
434 2743 526 2788 crure
549 2720 660 2808 ligneo
684 2721 796 2787 curris.

576 2860 715 2928 CL*

134 2969 250 3056 Elysio
273 2968 387 3036 redeat
410 2969 439 3036 si
460 2968 548 3036 forte
570 2968 725 3034 remissus
749 2966 791 3033 eb
814 2987 895 3055 agro

101 3063 104 3066 ’
179 3059 242 3125 Ille
266 3081 324 3125 suo
347 3058 427 3124 felix
450 3058 589 3125 (laesere
613 3056 729 3122 Gubba
751 3059 861 3140 vetus,

135 3146 199 3225 Qui
222 3145 445 3233 Capitolinum
467 3148 593 3234 pariter
616 3144 829 3229 Gabbamque
852 3145 996 3212 iocantes

180 3236 346 3322 Audierit,
369 3236 467 3302 dicet:
490 3235 644 3322 „Rustico
668 3233 798 3319 Gabba,
821 3234 921 3300 tacc.“

567 3375 638 3444 CIL

135 3486 209 3564 Qua
230 3485 337 3554 factus
360 3485 487 3552 ratione
511 3484 555 3552 sit
577 3483 731 3570 requiris,

137 3576 200 3655 Qui
222 3597 390 3662 nunquam
403 3573 528 3660 'futuib
551 3579 647 3661 pater
670 3571 871 3640 Philaenus?

933 667 947 742 'r
