2596 4034
354 181 653 242 asrcasrmmou
672 182 742 240 uin.
761 183 808 240 rr.
885 251 890 264 ‚
1029 184 1095 250 205

111 348 191 412 Iam
215 347 407 434 paedagogo
430 347 590 412 liberatus
615 349 649 412 et
671 345 762 412 ouius
820 316 827 412 i

114 437 320 502 Refibulavit
342 434 510 522 turgidum
533 435 627 501 faber
649 457 781 522 penem:
814 445 821 508 l

114 525 212 591 Nutu
236 529 387 592 vocatum
411 523 516 610 ducis,
540 530 574 590 et
596 525 698 611 pudet
720 525 783 592 fari
811 521 818 577 l

114 613 317 698 Catoniana,
340 613 489 699 Chresto,
513 613 600 699 quod
623 611 704 680 facis
728 615 852 701 lingua.
931 645 945 720 ¹,

510 745 665 814 XXVIII.

114 845 224 910 Dulce
247 845 343 912 decus
367 867 517 929 scaenae,
539 845 692 912 ludorum
714 843 816 928 fama,
839 842 976 910 Latinus

166 934 227 1000 llle
251 955 312 1020 ego
336 957 423 1018 sum,
446 936 580 1019 plausus
604 934 801 1018 deliciaeque
824 937 914 1018 tuae,

115 1023 184 1100 Qui
208 1027 425 1106 spectatorem
448 1025 541 1108 potui
563 1023 678 1089 fecisse
701 1021 874 1106 Catonem,

165 1109 299 1177 Solvere
322 1111 379 1196 qui
403 1111 519 1178 Curios
542 1110 772 1196 Fabriciosque
795 1131 920 1196 graves.

85 1198 183 1266 sSed
206 1201 289 1266 nihil
313 1221 333 1266 a
354 1204 469 1266 nostro
493 1200 636 1284 sumpsit
658 1221 732 1266 mea
753 1199 823 1266 rita
845 1199 992 1286 theatro,
1094 1216 1096 1223 ·

164 1287 210 1353 Et
234 1290 304 1354 sola
327 1291 458 1354 tantum
481 1289 648 1355 scaenicus
671 1292 741 1354 arte
764 1289 866 1354 feror:

17 1407 18 1438 ι
118 1375 191 1442 Nec
215 1381 364 1462 poteram
387 1383 501 1463 gratus
526 1378 657 1443 domino
681 1379 751 1442 sine
773 1377 919 1443 moribus
943 1398 1028 1463 esse,

163 1465 305 1532 Interius
328 1472 452 1532 mentes
476 1467 611 1551 inspicit
633 1467 690 1530 ille
714 1466 801 1531 deus.

115 1551 188 1618 Vos
212 1577 263 1619 me
286 1555 443 1642 laurigeri
465 1557 648 1640 parasitum
668 1554 768 1620 dicite
790 1553 930 1638 Phoebi,
1012 1551 1015 1557 ’

17 1687 18 1752 3
69 1661 105 1709 10
165 1639 272 1709 Roma
295 1644 346 1708 sui
368 1643 529 1710 famulum
553 1643 631 1708 dum
654 1644 737 1708 sciat
760 1665 831 1709 esse
853 1641 951 1709 Iovis.

523 1783 642 1849 XXIX

17 1927 18 1954 2
117 1864 256 1948 Shecula
278 1880 459 1948 Nestoreae
481 1904 666 1968 permensa,
689 1881 850 1967 Philaeni,
874 1886 1036 1967 senectae,

17 1979 18 1988 ’
163 1969 273 2056 Rapta
295 1993 329 2036 es
354 1971 394 2036 ad
417 1971 561 2036 infernas
585 1974 653 2036 tam
676 1972 741 2037 cito
766 1971 853 2036 Ditis
876 1971 1000 2056 aquas?

17 2061 19 2162 l
108 2059 284 2132 ,Euboicae
307 2059 451 2124 nondum
474 2059 670 2126 numerabas
694 2061 795 2146 longa
818 2058 963 2145 Sibyllae
1073 2087 1076 2093 ·

17 2163 18 2180 l
164 2147 342 2232 Tempora:
366 2149 473 2215 maior
496 2155 566 2213 erat
589 2149 755 2214 mensibus
779 2149 839 2214 illa
862 2149 977 2219 tribus.

17 2285 18 2328 ἐ
89 2236 192 2302 5Heu
216 2259 298 2322 quae
321 2237 436 2323 lingua
458 2237 547 2303 silet!
571 2259 637 2302 non
658 2237 752 2302 illam
775 2238 865 2304 mille
888 2240 1035 2304 catastae

17 2331 18 2406 ζ
162 2325 362 2410 Vincebant,
384 2349 443 2392 nee
462 2348 544 2412 quae
568 2327 666 2390 turba
689 2325 828 2411 Sarapin
851 2331 954 2407 amat,
1126 2323 1131 2336 “

17 2409 18 2462 l
118 2414 187 2480 Neo
210 2415 365 2480 matutini
389 2417 511 2480 cirrata
534 2419 666 2480 caterva
688 2415 852 2501 magistri,
1109 2495 1114 2502 v

17 2503 19 2588 l
162 2501 232 2569 Nec
255 2526 337 2589 quae
361 2503 549 2590 Strymonio
573 2503 612 2568 de
635 2525 734 2590 grege
758 2505 830 2590 ripa
853 2508 959 2571 sonat.
1000 2509 1003 2514 '
1113 2513 1117 2521 '

17 2591 19 2620 ²
118 2592 208 2672 Quae
230 2615 317 2658 nunc
339 2593 529 2659 Thessalico
552 2594 663 2658 lunam
686 2593 842 2659 deducere
862 2593 1016 2680 rhombo,

75 2699 108 2748 ιο
164 2681 253 2758 Quae
277 2682 358 2748 sciet
380 2682 441 2747 hos
465 2683 539 2748 illos
562 2681 700 2746 vendere
724 2683 799 2746 lena
821 2681 936 2749 toros?

119 2769 169 2836 Sit
190 2771 254 2836 tibi
276 2775 364 2836 terra
387 2771 469 2837 levis
492 2771 650 2856 mollique
672 2771 795 2856 tegaris
818 2771 953 2858 harena,
988 2803 1015 2826 w

161 2858 213 2926 Ne
236 2864 296 2925 tua
317 2882 384 2926 non
406 2861 535 2945 possint
558 2881 668 2925 eruere
691 2880 766 2924 ossa
788 2881 895 2930 canes.

530 3000 632 3068 XXX.

119 3099 350 3186 Cappadocum
369 3101 476 3168 saevis
500 3099 666 3164 Antistius
689 3099 808 3164 occidit
829 3101 895 3166 oris
995 3183 997 3186 Ι

38 3189 103 3230 ·’”
160 3189 323 3256 Rusticus.
360 3188 498 3256 Otristi
521 3189 655 3255 crimine
677 3191 765 3252 terra
787 3190 921 3255 nocens!

120 3278 258 3344 Rettulit
280 3299 356 3344 ossa
379 3279 453 3345 sinu
477 3279 545 3345 cari
567 3277 707 3363 Nigrina
729 3277 841 3342 mariti

126 3447 128 3454 y
160 3367 205 3433 Et
227 3372 343 3453 questa
366 3373 417 3434 est
438 3369 554 3454 longas
578 3365 747 3432 nonsatis
771 3387 841 3432 esse
864 3366 948 3451 vias3

92 3477 108 3524 o
120 3455 261 3543 Cumque
272 3457 363 3523 daret
373 3462 520 3523 sanctam
530 3456 675 3536 tumulis,
686 3455 804 3540 quibus
814 3453 948 3539 inuidet,
962 3478 1087 3539 urnam,

92 3554 94 3557 ’
160 3544 239 3611 Visa
262 3547 329 3612 sibi
352 3549 403 3612 est
425 3551 520 3633 rapto
545 3545 596 3611 bis
619 3544 754 3613 viduata
775 3544 855 3610 viro.
