2596 4032
380 216 682 298 nslsnnuunron
700 217 768 275 LlB.
786 217 861 276 XIV.
1062 219 1125 288 341

460 379 605 448 CXCIV.
627 381 784 448 Moenus.

152 473 237 543 Sunt
259 477 405 565 quidam,
429 480 484 566 qui
508 502 560 544 me
583 479 694 544 dicant
716 500 783 545 non
806 501 877 546 esse
901 484 1046 566 poetam:

198 563 262 633 Sed
285 569 341 653 qui
365 589 417 634 me
441 568 554 635 vendit
575 568 758 656 bibliopola
780 571 884 656 putat

543 709 695 777 Catullus.
864 759 873 784 .
939 695 945 748 l
1062 782 1080 802 κ

153 804 296 872 Tantum
320 787 442 893 magna
465 830 524 874 sno
539 807 646 890 debet
668 806 801 874 Verona
824 805 968 892 Catullo,

198 895 365 972 Quantum
388 919 491 982 parva
515 919 574 963 suo
596 895 734 963 Mantua
756 896 914 984 Vergilio.

277 1037 420 1105 CXCVI.
443 1005 591 1106 Goloida
613 1060 714 1123 aqum
732 1040 875 1124 [sicidae
889 1059 959 1107 suu.

153 1141 245 1209 Haec
267 1144 329 1208 tibi
354 1165 437 1230 quae
459 1143 568 1209 fontes
593 1148 626 1208 et
650 1166 807 1232 aquarum
830 1145 963 1212 nomina
983 1145 1077 1232 uicit,

122 1310 125 1318 A
198 1231 276 1316 Ipsa
300 1253 376 1298 suas
400 1233 516 1298 melius
541 1233 656 1298 charta
678 1235 815 1298 natabat
838 1255 948 1319 aquas.
1097 1244 1100 1254 ¹

391 1372 549 1440 CXCVII.
571 1375 683 1442 illectae
701 1377 850 1458 puruilue.

152 1475 217 1543 His
240 1477 303 1542 tibi
326 1478 366 1544 de
389 1478 486 1544 mulis
509 1501 575 1545 non
599 1484 650 1545 est
672 1480 846 1546 metuenda
867 1479 974 1547 ruina:

98 1661 100 1665 ,
199 1567 309 1631 Altius
332 1567 367 1634 in
390 1571 479 1632 terra
501 1589 604 1653 paene
628 1569 739 1648 sedero
762 1569 858 1636 soles.

461 1707 581 1776 Catella
604 1709 783 1776 Gallicano.

154 1807 298 1874 Delicias
321 1829 442 1893 parvae
466 1807 494 1871 si
517 1808 567 1872 vis
592 1806 703 1872 audire
726 1807 876 1890 catellae,
991 1835 994 1842 ·
1023 1883 1027 1896 .

147 1912 160 1962 l
200 1895 359 1963 Narranti
382 1896 490 1970 brevis
515 1899 565 1961 est
588 1897 708 1982 pagina
732 1900 803 1961 tota
826 1895 917 1962 mihi.
969 1971 973 1977 ,

467 2035 607 2104 CXCIX.
630 2038 772 2105 Asturco.

113 2150 119 2183 l
153 2134 218 2201 Hic
231 2135 341 2201 brevis
356 2133 397 2200 ad
410 2155 562 2198 numeros
581 2135 730 2217 rapidum
747 2136 802 2220 qui
822 2134 952 2222 colligit
969 2155 1125 2222 unguem,

199 2223 301 2290 Venit
324 2224 365 2289 ab
389 2222 540 2288 auriferis
564 2222 715 2309 gentibus
739 2224 842 2290 Astur
864 2245 974 2310 equus.

477 2362 575 2430 Oanis
596 2370 763 2448 vertrcyus.

153 2471 232 2540 Non
255 2472 330 2556 sibi,
354 2469 413 2536 sed
436 2469 566 2536 domino
589 2474 727 2536 venatur
750 2474 921 2556 vertragus
946 2489 1032 2554 acer,
1073 2531 1076 2538 .

198 2561 354 2628 illaesum
377 2560 523 2646 leporem
546 2559 601 2644 qui
625 2559 687 2624 tibi
710 2559 806 2625 dente
830 2557 921 2624 feret

468 2697 547 2766 001.
570 2699 769 2767 Palaestrita

153 2808 231 2877 Non
254 2831 329 2875 amo
353 2806 439 2895 quod
462 2807 585 2889 vincat,
604 2807 660 2872 sed
679 2805 764 2892 quod
788 2805 995 2870 succumbere
1016 2805 1109 2872 novit

198 2899 245 2964 Et
268 2898 384 2965 didicit
406 2897 522 2962 melius
545 2897 607 2980 τὴν
631 2894 899 2978 ἑπικλινοπάλην.
1136 2895 1138 2900 ’

556 3037 685 3104 Simius.

153 3147 300 3216 Callidus
324 3145 462 3212 emissas
487 3144 616 3211 eludere
640 3141 754 3208 simius
777 3141 904 3229 hastas,

200 3235 236 3303 Si
258 3236 340 3301 milri
363 3235 466 3301 cauda
488 3233 588 3318 foret,
611 3232 852 3318 cercopithecus
877 3253 973 3298 eram.
1000 3239 1006 3245 ’

347 3425 348 3429 η
394 3373 508 3442 CCIII.
532 3374 646 3441 Puella
669 3373 839 3441 Gaditano.

135 3477 236 3554 'Tam
250 3483 427 3549 tremulum
443 3484 569 3567 crissat,
584 3486 652 3546 tarn
667 3481 824 3547 blandum
838 3480 953 3567 prurit,
968 3483 1005 3545 ut
1018 3479 1126 3567 ipsum

166 3587 171 3595 '
197 3573 476 3640 Masturbatorem
499 3571 614 3636 fecerit
637 3569 864 3657 Hippolytum.
1093 3567 1096 3574 ’
