2610 4048
377 238 675 298 EPIGRAMMATON
694 239 763 295 LlB.
781 239 802 296 1.
1054 242 1095 308 31

508 403 668 472 LXXXV.

120 506 292 575 Venderet
314 509 461 576 excultos
486 511 587 576 eolles
610 533 684 576 cum
707 530 824 596 praeeo
847 507 972 578 facetus

167 599 278 682 Atque
302 599 482 664 suburbani
504 600 618 686 ingere
640 601 776 686 pulchra
800 598 876 684 soli,

121 685 262 770 „Errat“
286 687 332 752 ait
353 687 402 772 „si
426 689 498 774 quis
521 689 627 754 Mario
650 693 747 776 putat
770 711 841 755 esse
863 709 994 755 necesse

14 851 15 854 Ἴ
165 773 333 840 Vendere:
357 775 404 840 nil
428 777 540 864 debet,
559 778 689 844 fenerat
711 779 812 844 inuno
836 800 890 842 ma
916 776 974 845 is.“

94 863 261 949 5„„Quee
275 863 360 930 ratio
376 868 426 930 est
439 866 606 954 Igitur?““
613 866 751 954 „Servos
766 867 814 932 ibi
828 799 970 952 perlida
984 889 1097 934 omnes

166 953 214 1018 Et
237 975 337 1038 pecus
360 956 394 1020 et
415 952 555 1042 fructus,
578 978 643 1022 non
668 959 758 1022 emat
781 955 856 1021 inde
879 955 1015 1022 lecum.“
1067 1021 1073 1031 ,

121 1040 203 1119 Quis
227 1041 351 1107 faceret
373 1043 515 1128 pretium
533 1045 598 1111 nisi
621 1045 678 1132 qui
702 1068 760 1111 sua
782 1043 916 1132 perdere
939 1044 1043 1112 vellet'
1083 1063 1085 1068 ·

167 1129 311 1197 Omnis?
348 1127 402 1197 Sic
424 1131 530 1200 Mario
553 1135 669 1200 noxius
693 1134 808 1200 haeret
831 1153 918 1220 eger.

498 1265 677 1332 LXXXVI.

120 1360 261 1428 Vicinus
285 1384 378 1429 meus
402 1366 453 1428 est
475 1385 637 1450 manuque
652 1365 754 1452 'tangi

119 1451 172 1518 De
194 1451 318 1517 nostris
341 1451 468 1518 Novius
491 1458 603 1538 potest
624 1451 786 1520 fenestris.

121 1539 204 1616 Quis
227 1562 296 1605 non
318 1541 464 1606 invideat
486 1541 567 1616 mihi
590 1545 748 1627 putetque

120 1628 225 1694 Horis
249 1629 400 1695 omnibus
424 1652 495 1695 esse
518 1651 570 1696 me
594 1629 740 1716 beatum,

94 1717 240 1783 eIuneto
263 1717 316 1783 cui
339 1717 438 1784 liceat
460 1717 526 1784 frui
548 1719 683 1785 sodale?

120 1805 206 1871 Tam
228 1807 329 1894 longe
354 1811 404 1872 est
427 1807 509 1872 mihi
533 1808 882 1895 quamTerentianus,

121 1895 188 1974 Qui
210 1917 297 1967 nunc
320 1893 485 1966 Niliacam
508 1899 595 1984 regit
618 1897 755 1983 Syenen.
817 1951 820 1957 .

14 2005 15 2038 1
118 1983 200 2056 Non
222 1984 409 2065 convivere,
431 2007 491 2050 nec
513 1985 623 2052 videre
647 1986 773 2071 saltim,

118 2073 201 2138 Non
223 2073 336 2144 audire
359 2073 450 2160 licet,
472 2096 532 2142 nec
555 2075 636 2140 urbe
659 2079 732 2140 totu
1045 2149 1048 2154 ,

14 2225 18 2236 ,
49 2179 54 2184 ·
79 2178 109 2226 10
120 2161 306 2248 Quisquam
329 2166 380 2228 est
402 2167 473 2228 tam
496 2186 598 2248 prope
621 2167 689 2228 tam
714 2163 890 2252 proculque
913 2163 1019 2230 nobis.
1113 2179 1115 2182 ’
1142 2179 1144 2182 ’

121 2250 334 2336 Migrandum
359 2255 409 2316 est
432 2251 515 2317 mihi
537 2252 668 2340 longius
691 2251 744 2318 vel
767 2252 826 2319 illi
1096 2260 1098 2265 '

118 2339 258 2405 Vicinus
282 2338 391 2406 Novio
415 2341 467 2407 vel
490 2341 669 2427 inquilinus
789 2367 792 2372 ·

120 2426 188 2514 Sit,
211 2427 335 2514 siquis
358 2427 503 2496 Novium
520 2429 635 2496 ¹videre
658 2451 725 2494 non
747 2430 827 2496 vult.

492 2559 687 2628 LXXXVII.

120 2659 176 2725 Ne
189 2661 311 2744 ‘gravis
335 2661 489 2728 hesterno
510 2660 652 2746 fragres,
674 2659 866 2746 Fescenuie,
887 2661 978 2746 sino,

166 2747 324 2816 Pastillos
339 2749 461 2818 *cosmi
483 2749 649 2816 luxuriose
671 2771 776 2816 voras.

103 2835 195 2902 leta
216 2837 326 2904 linunt
349 2839 462 2905 dentes
485 2839 664 2922 ientacula,
689 2838 743 2904 sed
766 2837 850 2902 nihil
873 2839 1023 2926 obstent,

144 2950 147 2954 ·
167 2925 327 2994 Extremo
350 2920 472 2995 ructus*
487 2950 560 2994 cum
583 2927 669 2994 redit
692 2950 712 2991 a
735 2927 899 2994 barathro.

93 3013 209 3092 uQuid
234 3016 321 3101 quod
345 3017 413 3084 olet
437 3017 568 3104 gravius
593 3016 730 3081 mixtum
755 3015 957 3102 diapasmate
974 3017 1069 3084 'virus

167 3103 279 3191 Atque
303 3105 422 3192 duplex
445 3107 573 3172 animae
596 3105 727 3189 longius
752 3105 819 3169 exit
842 3104 944 3172 odor?

120 3192 231 3260 Notas
255 3216 334 3282 ergo
356 3196 456 3262 nimis
478 3195 610 3262 fraudes
633 3194 854 3278 deprensaque
877 3195 968 3260 furta

167 3281 240 3350 Iam
263 3283 365 3350 tollas
389 3289 422 3350 et
445 3286 490 3350 sis
514 3285 605 3350 ebria
629 3281 832 3370 simpliciter.

485 3416 695 3484 LXXXVIII.

122 3513 267 3600 Alcime,
291 3536 386 3600 quem
411 3519 543 3602 raptum
566 3515 697 3582 domino
722 3513 942 3582 crescentibus
966 3513 1060 3580 annis
1164 3549 1166 3553 ·

169 3603 336 3670 Lauicano.
356 3605 421 3672 levi
446 3607 590 3691 caespite
612 3607 701 3672 velat
724 3603 857 3690 humus,
956 3689 960 3695 ἡ
