2596 4034
238 213 240 218 ,
373 151 670 210 EPIGRAMMATON
689 151 756 210 LIB.
775 152 835 208 Vll.

531 258 656 395 (xcv.
679 268 706 418 l
729 299 748 332 '⁹

135 425 262 492 Bruma
285 429 336 492 cst
359 429 392 490 et
414 425 502 510 riget
524 423 676 492 horridus
691 419 894 505 ‘Decemben

21 531 88 602 ι.
135 515 288 581 Audeat
273 518 311 580 ιιι
333 519 446 580 tamen
469 515 581 580 osculo
604 515 708 582 nivali

21 615 22 670 l
136 604 259 670 Omnes
283 604 400 671 obvius
421 603 500 670 hinc
523 607 557 668 et
578 603 693 670 hinet
679 607 789 670 tenere

21 703 22 764 l
134 693 260 759 Ειι
208 697 260 760 tot
260 715 338 796 amr,
350 691 445 780 Line,
468 693 598 758 basiare
622 693 825 760 Romam..

21 827 22 910 q
107 781 240 860 sQuid
249 783 357 870 possis
382 781 579 870 graviusque
603 783 794 868 saeviusque

134 872 316 938 Percussus
339 871 505 938 facerent
471 875 569 956 atque
592 873 743 938 verberat
744 871 804 936 us'?
875 895 877 898 ·

135 959 212 1026 Hoc
235 983 287 1026 me
311 961 433 1048 frigore
456 960 566 1028 basiet
551 967 648 1028 tneo
670 982 767 1046 uxor,

134 1049 274 1116 Blandis
298 1050 367 1116 filia
389 1071 450 1116 nec
472 1051 562 1116 rudis
586 1049 725 1116 labellis.

21 1141 23 1292 q
136 1139 203 1204 Sed
226 1142 262 1204 tu
286 1137 412 1206 dulcior
435 1137 696 1226 elegantiorque,

21 1303 22 1308 ἵ
88 1247 123 1295 10
137 1227 240 1294 Cuius
264 1227 366 1294 livida
387 1229 524 1296 naribus
548 1229 674 1296 caninis

21 1325 22 1346 ³
136 1317 311 1403 Dependet
336 1317 457 1404 glacies
481 1318 633 1472 rigetque
656 1316 772 1403 barba,

137 1405 279 1482 Qualem
302 1405 472 1472 forficibus
496 1411 591 1472 metrt
614 1405 740 1508 supinis

21 1559 22 1576 ,
136 1495 270 1562 Tonsor
293 1493 457 1580 Cinyphio
480 1494 565 1562 Cilix
589 1495 718 1561 marito.

21 1579 23 1658 l
137 1584 224 1651 Cent
211 1589 281 1650 tum
305 1605 473 1650 occurrere
496 1585 584 1650 malo
608 1581 821 1670 cunnilingis,

21 1663 23 1764 l
87 1694 124 1743 15
137 1675 187 1739 Et
211 1672 384 1740 Gallumt
369 1675 470 1739 timeo
493 1674 601 1738 minus
624 1675 796 1738 recentem.

21 1783 22 1850 ι
138 1763 300 1840 Quare
274 1785 302 1828 ιι
325 1763 388 1827 tibi
412 1783 527 1828 sensus
551 1766 602 1828 est
623 1761 805 1848 pudorque,

21 1885 23 1930 ι
136 1851 319 1940 Hibernas,
342 1850 438 1935 Line,
462 1851 676 1935 basiationes,

137 1941 177 2008 In
203 1963 350 2037 mensem
373 1960 455 2026 rogo
479 1939 615 2006 differas
634 1939 795 2084 Aprilem.

550 2080 698 2160 xovl
684 2073 721 2112 '
814 2096 815 2099 ’

137 2189 261 2258 Condit
246 2194 300 2256 tus
323 2189 379 2256 hio
402 2211 463 2276 ego
484 2211 570 2274 sum,
590 2142 690 2254 Bassi
706 2187 813 2274 dolor,
832 2187 973 2255 Urbicus
994 2189 1117 2272 infans,

187 2277 248 2344 Cui
272 2300 375 2366 genus
399 2284 433 2344 et
454 2300 575 2344 nomen
598 2277 742 2342 maxima
764 2240 871 2342 Rdma
893 2278 992 2344 dedit.

21 2375 23 2444 ἕ
138 2368 207 2434 Sex
230 2368 312 2434 mihi
335 2367 376 2433 de
397 2369 505 2454 prima
528 2367 699 2432 deerantt
700 2366 763 2431 riet
685 2366 851 2432 tteride
874 2389 1016 2452 menses,

21 2451 24 2460 ’
186 2456 359 2542 Ruperunt
381 2458 517 2523 tetricae
541 2477 614 2521 cum
638 2455 723 2520 male
746 2477 846 2541 pensa
869 2455 956 2522 deas.

105 2545 227 2624 5Quid
250 2547 388 2631 species,
407 2546 484 2630 quid
507 2545 622 2630 lingua
645 2543 739 2628 mihi,
758 2544 834 2628 quid
858 2544 982 2629 profuit
1002 2545 1117 2612 aetus?

148 2667 151 2672 ·
186 2635 239 2701 Da
262 2635 415 2701 lacrimas
439 2635 581 2719 tumulo,
605 2634 661 2718 qui
684 2633 766 2718 legis
790 2634 868 2718 ista,
892 2655 978 2700 meo:

137 2724 195 2791 Sic
219 2723 259 2788 ad
283 2721 460 2807 Lethaeas,
483 2724 548 2790 nisi
566 2722 711 2789 *Nestore
735 2722 852 2806 serius,
873 2721 978 2788 undas

186 2811 263 2879 Non
286 2815 355 2898 eat,
378 2811 510 2898 optabis
534 2835 631 2898 quem
655 2815 862 2930 superesset
847 2811 919 2876 tibi

543 2967 706 3038 xovflr‘

120 3070 291 3145 'Nosti
214 3081 294 3143 tsi
316 3078 398 3144 bene
423 3076 588 3162 Caesium,
611 3077 736 3160 libelle,

138 3167 318 3234 Montanae
343 3169 439 3235 decus
463 3129 620 3233 Umbriae
645 3126 816 3250 Sabidum,

139 3256 221 3322 Auli
245 3257 441 3342 municipem
465 3257 530 3322 mci
553 3254 723 3339 Pudentis,

138 3345 199 3411 Illi
222 3350 259 3411 tu
283 3346 376 3412 dabis
399 3347 480 3412 haec
504 3345 557 3411 vel
580 3347 751 3430 occupato:

108 3435 271 3502 sinstent
294 3435 384 3501 mille
407 3435 485 3500 licet
507 3437 721 3520 premantque
745 3453 854 3517 curae,
896 3451 902 3460 ·

138 3522 274 3590 Nostris
298 3523 497 3590 carminibus
521 3529 632 3590 tamen
655 3521 800 3589 vacabit:
893 3545 895 3548 ·
