2528 4038
314 209 769 270 nn1onunnrronn1a.1v.
1006 219 1049 286 93

497 373 581 441 XLI.

16 445 17 448 Ἴ
85 472 161 548 Quid
184 477 383 542 recitaturus
407 471 588 540 circumdas
612 472 734 540 vellera
757 472 865 540 collo?

123 561 328 631 Conveniunt
349 562 472 630 nostris
497 561 631 628 auribus
654 563 720 628 ista
742 563 858 649 magis.

489 703 591 772 xnn.
898 683 903 722 ¹

83 799 114 866 Si
136 805 208 889 quis
231 805 318 872 forte
341 803 425 870 mihi
446 802 554 888 possit
577 806 745 889 praestare
766 801 911 892 roganti,
1043 773 1062 874 ,Ι

121 893 219 978 Audi,
243 915 340 980 quem
362 914 514 979 puerum,
536 889 665 975 Plance,
688 913 805 978 rogare
827 891 934 960 velim.

82 977 212 1048 Niliacis
236 983 379 1067 primum
402 1003 483 1068 puer
500 981 560 1046 'hio
582 985 738 1046 nascatur
760 980 797 1046 in
819 979 900 1046 oris:
1052 977 1054 984 ⁴

121 1069 294 1155 Nequitias
317 1071 418 1136 tellus
443 1069 505 1136 scit
528 1069 605 1135 dare
627 1069 720 1136 nulla
742 1069 858 1156 magis.

16 1153 128 1221 ¹‘tSit
148 1161 222 1224 nive
246 1158 428 1225 candidior:
450 1179 593 1244 namque
616 1157 651 1224 in
672 1157 853 1233 Mareotide
874 1155 968 1224 fusca
1055 1163 1066 1238 f,
1111 1161 1130 1238 :2j
1221 1193 1226 1202 ·

120 1245 292 1315 Pulchrior
315 1251 377 1327 est,
403 1251 527 1334 quanto
550 1247 670 1330 rarior,
694 1247 756 1312 iste
780 1247 879 1314 color.
1063 1237 1069 1297 l
1111 1262 1138 1326 53-
1172 1321 1175 1328 ,
1232 1247 1238 1258 ''

81 1332 214 1402 Lumina
238 1336 400 1403 sideribus
424 1339 549 1402 certant
571 1336 751 1421 mollesque
774 1334 943 1423 flagellent
1066 1305 1137 1421 l*
1198 1335 1200 1341 ⁸

123 1423 218 1492 Colla
242 1448 369 1492 comae:
393 1428 500 1490 tortas
522 1447 591 1490 non
614 1445 702 1509 amo,
725 1422 853 1506 Flacca,
875 1446 996 1492 comas.
1087 1447 1134 1516 f,

81 1508 180 1580 Frons
203 1515 312 1580 brevis
335 1519 434 1599 atque
453 1514 568 1580 modus
592 1514 707 1579 leviter
725 1513 770 1578 sit
787 1513 922 1580 naribus
943 1515 1047 1600 uncis,
1093 1514 1116 1619 1'
1130 1511 1141 1552 '⁴
1182 1512 1198 1530 ⁸
1219 1531 1224 1602 j

46 1612 72 1660 10
121 1601 290 1670 Paestanis
313 1604 453 1668 rubeant
476 1602 608 1668 aemula
629 1602 724 1668 labra
745 1601 840 1667 rosis.
1097 1650 1105 1692 ,

81 1686 179 1777 Saepe
202 1697 237 1758 et
258 1691 425 1757 nolentem
449 1695 546 1777 cogat
568 1690 715 1776 nolitque
738 1681 945 1775 volentem,l

123 1779 271 1848 Liberior
294 1780 426 1846 domino
450 1801 547 1865 saepe
572 1779 616 1844 sit
637 1779 694 1844 ille
717 1801 790 1864 suo;
937 1784 948 1872 ,f

80 1866 412 1956 irrumpamus,
437 1868 586 1935 excludat
610 1889 706 1952 saepe
728 1868 870 1952 puellas:
937 1873 945 1936 ’ἓ

121 1956 181 2022 Vir
203 1958 355 2044 reliquis,
378 1957 435 2022 nni
458 1958 503 2023 sit
521 1979 606 2049 puer
628 1956 686 2022 ille
709 1956 816 2045 mihis
1085 1951 1127 2050 Q

46 2055 71 2104 15
80 2043 164 2127 „lam
179 2047 329 2131 scio,nec
338 2043 539 2112 fallesi'n'am
549 2042 852 2130 me‘qu'o'que'indice
862 2066 974 2112 verum
985 2048 1047 2129 est,

78 2129 82 2155 '
121 2135 208 2202 Talis
233 2135 322 2202 erat“
345 2135 425 2202 dicis
448 2139 580 2220 „noster
602 2133 849 2202 Amazonicus.“
948 2203 956 2218 ,

479 2263 598 2332 XLIII.

79 2362 151 2432 Non
174 2365 256 2451 dixi,
279 2363 450 2448 Coracine,
474 2367 507 2430 te
530 2363 713 2430 cinaedum:

79 2453 150 2520 Non
174 2477 248 2522 sum
269 2459 338 2530 tam
361 2452 555 2519 temerarius
577 2475 638 2518 neo
661 2453 767 2520 audax

79 2540 143 2610 Nec
166 2543 337 2610 mendacia
361 2542 417 2629 qni
439 2543 555 2628 loquar
577 2541 727 2609 libenter.

79 2630 111 2698 Si
133 2633 213 2714 dixi,
236 2630 407 2714 Coracine,
429 2635 462 2696 te
486 2629 669 2714 cinaedum,

57 2719 200 2788 alratam
223 2720 306 2786 mihi
328 2719 466 2786 Pontiae
488 2719 657 2806 lagonam,

78 2807 200 2876 Iratum
223 2809 360 2876 calicem
382 2809 464 2874 mihi
485 2807 607 2874 Metili:
726 2887 728 2892 Ι

77 2897 150 2964 Iuro
173 2919 232 2985 per
256 2897 369 2983 Syrios
393 2897 456 2962 tibi
478 2901 639 2984 tumores,
732 2905 733 2908 ’

77 2985 149 3054 Iuro
172 3009 231 3074 per
253 2985 478 3071 Berecyntios
494 2985 629 3051 furores.

78 3074 168 3151 Quod
190 3076 259 3142 dixi
280 3080 406 3157 tamen,
428 3075 492 3142 boc
514 3075 585 3140 leve
609 3075 642 3138 et
665 3073 836 3158 pusillum:
887 3083 889 3089 '

43 3158 168 3241 lanod
189 3169 306 3231 notum
330 3167 394 3250 ast,
419 3163 505 3250 quod
529 3165 562 3230 et
584 3162 654 3248 ipse
677 3183 743 3227 non
766 3164 918 3250 negabis,
994 3171 998 3179 '

79 3252 151 3320 Dixi
173 3257 221 3340 te,
245 3251 415 3339 Coracinc,
437 3251 674 3338 cunnilingum.

445 3422 447 3424 ·
482 3383 598 3452 XLIV.

79 3483 137 3552 Hic
160 3488 212 3552 est
234 3485 418 3570 pampineis
441 3482 555 3549 viridis
579 3481 675 3547 modo
699 3459 841 3549 Vesbius
864 3482 1001 3562 umbris,

119 3574 290 3642 Presserat
311 3573 366 3639 hic
389 3572 536 3638 madidos
559 3570 681 3635 nobilis
705 3593 767 3636 uva
791 3572 895 3637 lacus:
