<?xml version="1.0" encoding="UTF-8"?>
<!DOCTYPE html PUBLIC "-//W3C//DTD XHTML 1.0 Transitional//EN"
    "http://www.w3.org/TR/xhtml1/DTD/xhtml1-transitional.dtd">
<html xmlns="http://www.w3.org/1999/xhtml" xml:lang="en" lang="en">
 <head>
  <title>
</title>
<meta http-equiv="Content-Type" content="text/html;charset=utf-8" />
  <meta name='ocr-system' content='tesseract 3.04.00' />
  <meta name='ocr-capabilities' content='ocr_page ocr_carea ocr_par ocr_line ocrx_word'/>
</head>
<body>
  <div class='ocr_page' id='page_1' title='image "./epigrammatonlib03martgoog_0049.png"; bbox 0 0 2610 4048; ppageno 0'>
   <div class='ocr_carea' id='block_1_1' title="bbox 107 163 1111 287">
    <p class='ocr_par' dir='ltr' id='par_1_1' title="bbox 107 163 1111 287">
     <span class='ocr_line' id='line_1_1' title="bbox 107 163 1111 287; baseline -0.016 -13"><span class='ocrx_word' id='word_1_1' title='bbox 107 226 130 287; x_wconf 72' lang='grc' dir='ltr'><em>ῃ</em></span> <span class='ocrx_word' id='word_1_2' title='bbox 196 207 220 272; x_wconf 83' lang='grc'>8</span> <span class='ocrx_word' id='word_1_3' title='bbox 271 205 348 267; x_wconf 87' lang='lat' dir='ltr'><strong>.n.·</strong></span> <span class='ocrx_word' id='word_1_4' title='bbox 363 205 443 263; x_wconf 80' lang='lat' dir='ltr'><strong>vsu</strong></span> <span class='ocrx_word' id='word_1_5' title='bbox 461 163 661 262; x_wconf 76' lang='lat' dir='ltr'><strong>uncrinus</strong></span> <span class='ocrx_word' id='word_1_6' title='bbox 679 183 976 260; x_wconf 78' lang='lat' dir='ltr'><strong>serensnnnrou</strong></span> <span class='ocrx_word' id='word_1_7' title='bbox 994 200 1111 258; x_wconf 81' lang='lat' dir='ltr'><strong>usse.</strong></span> 
     </span>
    </p>
   </div>
   <div class='ocr_carea' id='block_1_2' title="bbox 144 327 1053 554">
    <p class='ocr_par' dir='ltr' id='par_1_2' title="bbox 144 327 1053 554">
     <span class='ocr_line' id='line_1_2' title="bbox 144 327 1041 454; baseline -0.007 -17"><span class='ocrx_word' id='word_1_8' title='bbox 144 381 145 384; x_wconf 76' lang='grc'>’</span> <span class='ocrx_word' id='word_1_9' title='bbox 215 367 383 438; x_wconf 64' lang='lat' dir='ltr'><strong>‘&#39;Incinus</strong></span> <span class='ocrx_word' id='word_1_10' title='bbox 406 327 525 436; x_wconf 89' lang='lat' dir='ltr'><strong>etdiri</strong></span> <span class='ocrx_word' id='word_1_11' title='bbox 546 369 718 434; x_wconf 78' lang='lat' dir='ltr'><strong>taceantur</strong></span> <span class='ocrx_word' id='word_1_12' title='bbox 740 371 860 454; x_wconf 78' lang='lat' dir='ltr'><strong>stagna</strong></span> <span class='ocrx_word' id='word_1_13' title='bbox 882 339 1041 432; x_wconf 80' lang='lat' dir='ltr'><strong>Nercnis:</strong></span> 
     </span>
     <span class='ocr_line' id='line_1_3' title="bbox 213 454 1053 554; baseline -0.008 -28"><span class='ocrx_word' id='word_1_14' title='bbox 213 548 215 550; x_wconf 15' lang='grc' dir='ltr'>Ι</span> <span class='ocrx_word' id='word_1_15' title='bbox 289 457 383 525; x_wconf 85' lang='lat' dir='ltr'><strong>Hsnc</strong></span> <span class='ocrx_word' id='word_1_16' title='bbox 405 457 637 554; x_wconf 22' lang='lat' dir='ltr'><strong>norint-unam</strong></span> <span class='ocrx_word' id='word_1_17' title='bbox 660 455 791 522; x_wconf 76' lang='lat' dir='ltr'><strong>saecule</strong></span> <span class='ocrx_word' id='word_1_18' title='bbox 812 454 1053 525; x_wconf 76' lang='lat' dir='ltr'><strong>naumachiam.</strong></span> 
     </span>
    </p>
   </div>
   <div class='ocr_carea' id='block_1_3' title="bbox 646 577 765 646">
    <p class='ocr_par' dir='ltr' id='par_1_3' title="bbox 646 577 765 646">
     <span class='ocr_line' id='line_1_4' title="bbox 646 577 765 646; baseline -0.017 1"><span class='ocrx_word' id='word_1_19' title='bbox 646 577 765 646; x_wconf 86' lang='lat' dir='ltr'>XXIX.</span> 
     </span>
    </p>
   </div>
   <div class='ocr_carea' id='block_1_4' title="bbox 81 665 1301 1732">
    <p class='ocr_par' dir='ltr' id='par_1_4' title="bbox 81 665 1301 1732">
     <span class='ocr_line' id='line_1_5' title="bbox 243 665 1265 760; baseline -0.004 -21"><span class='ocrx_word' id='word_1_20' title='bbox 243 669 326 740; x_wconf 83' lang='lat' dir='ltr'><strong>cum</strong></span> <span class='ocrx_word' id='word_1_21' title='bbox 348 669 494 736; x_wconf 84' lang='lat' dir='ltr'><strong>traheret</strong></span> <span class='ocrx_word' id='word_1_22' title='bbox 516 667 660 752; x_wconf 77' lang='lat' dir='ltr'>Priscus,</span> <span class='ocrx_word' id='word_1_23' title='bbox 682 669 829 736; x_wconf 85' lang='lat' dir='ltr'><strong>traheret</strong></span> <span class='ocrx_word' id='word_1_24' title='bbox 850 667 1031 760; x_wconf 79' lang='lat' dir='ltr'><strong>certamine</strong></span> <span class='ocrx_word' id='word_1_25' title='bbox 1048 665 1172 754; x_wconf 87' lang='lat' dir='ltr'><strong>Verus,</strong></span> <span class='ocrx_word' id='word_1_26' title='bbox 1226 685 1265 740; x_wconf 25' lang='lat'><strong>*.‘</strong></span> 
     </span>
     <span class='ocr_line' id='line_1_6' title="bbox 286 756 1113 844; baseline -0.006 -18"><span class='ocrx_word' id='word_1_27' title='bbox 286 758 386 826; x_wconf 79' lang='lat' dir='ltr'><strong>Esset</strong></span> <span class='ocrx_word' id='word_1_28' title='bbox 408 763 442 825; x_wconf 83' lang='lat' dir='ltr'><strong>et</strong></span> <span class='ocrx_word' id='word_1_29' title='bbox 464 757 610 844; x_wconf 80' lang='lat' dir='ltr'><strong>aequalis</strong></span> <span class='ocrx_word' id='word_1_30' title='bbox 632 757 722 825; x_wconf 87' lang='lat' dir='ltr'><strong>Mers</strong></span> <span class='ocrx_word' id='word_1_31' title='bbox 745 757 916 842; x_wconf 89' lang='lat' dir='ltr'><strong>utriusque</strong></span> <span class='ocrx_word' id='word_1_32' title='bbox 939 756 1009 840; x_wconf 86' lang='lat' dir='ltr'><strong>diu,</strong></span> <span class='ocrx_word' id='word_1_33' title='bbox 1112 775 1113 778; x_wconf 69' lang='grc'>’</span> 
     </span>
     <span class='ocr_line' id='line_1_7' title="bbox 190 845 1157 934; baseline 0.003 -25"><span class='ocrx_word' id='word_1_34' title='bbox 190 904 193 909; x_wconf 90' lang='grc'>.</span> <span class='ocrx_word' id='word_1_35' title='bbox 242 845 357 916; x_wconf 88' lang='lat' dir='ltr'><strong>Missic</strong></span> <span class='ocrx_word' id='word_1_36' title='bbox 381 869 478 934; x_wconf 84' lang='lat' dir='ltr'><strong>saepe</strong></span> <span class='ocrx_word' id='word_1_37' title='bbox 500 847 579 914; x_wconf 82' lang='lat' dir='ltr'><strong>viris</strong></span> <span class='ocrx_word' id='word_1_38' title='bbox 603 867 724 934; x_wconf 78' lang='lat' dir='ltr'><strong>magno</strong></span> <span class='ocrx_word' id='word_1_39' title='bbox 747 845 889 913; x_wconf 83' lang='lat' dir='ltr'><strong>clamore</strong></span> <span class='ocrx_word' id='word_1_40' title='bbox 912 845 1017 932; x_wconf 83' lang='lat' dir='ltr'><strong>petita</strong></span> <span class='ocrx_word' id='word_1_41' title='bbox 1040 851 1105 932; x_wconf 82' lang='lat' dir='ltr'><strong>est3</strong></span> <span class='ocrx_word' id='word_1_42' title='bbox 1154 875 1157 880; x_wconf 94' lang='lat'><em>·</em></span> 
     </span>
     <span class='ocr_line' id='line_1_8' title="bbox 289 935 1301 1023; baseline -0.007 -19"><span class='ocrx_word' id='word_1_43' title='bbox 289 935 353 1004; x_wconf 84' lang='lat' dir='ltr'><strong>Sed</strong></span> <span class='ocrx_word' id='word_1_44' title='bbox 375 935 497 1004; x_wconf 78' lang='lat' dir='ltr'><strong>Caesar</strong></span> <span class='ocrx_word' id='word_1_45' title='bbox 520 936 588 1023; x_wconf 80' lang='lat' dir='ltr'><strong>legi</strong></span> <span class='ocrx_word' id='word_1_46' title='bbox 610 937 722 1021; x_wconf 78' lang='lat' dir='ltr'><strong>paruit</strong></span> <span class='ocrx_word' id='word_1_47' title='bbox 743 935 814 1022; x_wconf 93' lang='lat' dir='ltr'><strong>ipse</strong></span> <span class='ocrx_word' id='word_1_48' title='bbox 839 956 931 1001; x_wconf 84' lang='lat' dir='ltr'><strong>suec:</strong></span> <span class='ocrx_word' id='word_1_49' title='bbox 958 971 996 982; x_wconf 95' lang='lat'><em>-</em></span> <span class='ocrx_word' id='word_1_50' title='bbox 1300 1013 1301 1016; x_wconf 8' lang='grc' dir='ltr'><strong>Ἴ</strong></span> 
     </span>
     <span class='ocr_line' id='line_1_9' title="bbox 81 1023 1219 1180; baseline -0.004 -87"><span class='ocrx_word' id='word_1_51' title='bbox 81 1027 83 1030; x_wconf 76' lang='grc'><strong>’</strong></span> <span class='ocrx_word' id='word_1_52' title='bbox 216 1023 310 1092; x_wconf 78' lang='lat' dir='ltr'><strong>cLex</strong></span> <span class='ocrx_word' id='word_1_53' title='bbox 333 1029 418 1110; x_wconf 83' lang='lat' dir='ltr'><strong>erut,</strong></span> <span class='ocrx_word' id='word_1_54' title='bbox 440 1025 481 1091; x_wconf 82' lang='lat' dir='ltr'><strong>ud</strong></span> <span class='ocrx_word' id='word_1_55' title='bbox 505 1025 645 1112; x_wconf 78' lang='lat' dir='ltr'><strong>digitum</strong></span> <span class='ocrx_word' id='word_1_56' title='bbox 665 1023 777 1180; x_wconf 80' lang='lat' dir='ltr'><strong>posita</strong></span> <span class='ocrx_word' id='word_1_57' title='bbox 800 1044 990 1090; x_wconf 87' lang='lat' dir='ltr'><strong>concurrere</strong></span> <span class='ocrx_word' id='word_1_58' title='bbox 1018 1045 1147 1110; x_wconf 83' lang='lat' dir='ltr'><strong>penna:</strong></span> <span class='ocrx_word' id='word_1_59' title='bbox 1175 1059 1219 1071; x_wconf 89' lang='lat'>-</span> 
     </span>
     <span class='ocr_line' id='line_1_10' title="bbox 187 1111 1056 1198; baseline -0.002 -18"><span class='ocrx_word' id='word_1_60' title='bbox 187 1191 191 1195; x_wconf 91' lang='lat'>.</span> <span class='ocrx_word' id='word_1_61' title='bbox 288 1112 382 1192; x_wconf 80' lang='lat' dir='ltr'><strong>Quod</strong></span> <span class='ocrx_word' id='word_1_62' title='bbox 404 1113 510 1198; x_wconf 80' lang='lat' dir='ltr'><strong>licuil,</strong></span> <span class='ocrx_word' id='word_1_63' title='bbox 532 1116 641 1179; x_wconf 78' lang='lat' dir='ltr'><strong>lances</strong></span> <span class='ocrx_word' id='word_1_64' title='bbox 686 1133 813 1198; x_wconf 84' lang='lat' dir='ltr'><strong>cneque</strong></span> <span class='ocrx_word' id='word_1_65' title='bbox 838 1134 934 1196; x_wconf 82' lang='lat' dir='ltr'><strong>saepe</strong></span> <span class='ocrx_word' id='word_1_66' title='bbox 958 1111 1056 1178; x_wconf 86' lang='lat' dir='ltr'><strong>dedit.</strong></span> 
     </span>
     <span class='ocr_line' id='line_1_11' title="bbox 242 1201 1053 1287; baseline -0.006 -17"><span class='ocrx_word' id='word_1_67' title='bbox 242 1201 399 1270; x_wconf 82' lang='lat' dir='ltr'><strong>Inventus</strong></span> <span class='ocrx_word' id='word_1_68' title='bbox 421 1207 533 1268; x_wconf 85' lang='lat' dir='ltr'><strong>temen</strong></span> <span class='ocrx_word' id='word_1_69' title='bbox 555 1207 606 1268; x_wconf 84' lang='lat' dir='ltr'><strong>est</strong></span> <span class='ocrx_word' id='word_1_70' title='bbox 628 1201 703 1268; x_wconf 88' lang='lat' dir='ltr'><strong>finis</strong></span> <span class='ocrx_word' id='word_1_71' title='bbox 725 1201 921 1267; x_wconf 85' lang='lat' dir='ltr'><strong>discriminis</strong></span> <span class='ocrx_word' id='word_1_72' title='bbox 945 1201 1053 1287; x_wconf 81' lang='lat' dir='ltr'><strong>aequi:</strong></span> 
     </span>
     <span class='ocr_line' id='line_1_12' title="bbox 287 1289 958 1380; baseline 0 -24"><span class='ocrx_word' id='word_1_73' title='bbox 287 1289 479 1380; x_wconf 84' lang='lat' dir='ltr'><strong>Pugnsvere</strong></span> <span class='ocrx_word' id='word_1_74' title='bbox 501 1312 611 1378; x_wconf 82' lang='lat' dir='ltr'><strong>pares,</strong></span> <span class='ocrx_word' id='word_1_75' title='bbox 634 1291 831 1358; x_wconf 77' lang='lat' dir='ltr'><strong>succubuere</strong></span> <span class='ocrx_word' id='word_1_76' title='bbox 854 1311 958 1374; x_wconf 86' lang='lat' dir='ltr'><strong>pares.</strong></span> 
     </span>
     <span class='ocr_line' id='line_1_13' title="bbox 243 1365 1123 1466; baseline -0.006 -20"><span class='ocrx_word' id='word_1_77' title='bbox 243 1379 337 1446; x_wconf 86' lang='lat' dir='ltr'><strong>Misit</strong></span> <span class='ocrx_word' id='word_1_78' title='bbox 358 1380 487 1466; x_wconf 87' lang='lat' dir='ltr'><strong>utrique</strong></span> <span class='ocrx_word' id='word_1_79' title='bbox 510 1379 607 1445; x_wconf 92' lang='lat' dir='ltr'><strong>rudes</strong></span> <span class='ocrx_word' id='word_1_80' title='bbox 630 1384 663 1446; x_wconf 88' lang='lat' dir='ltr'><strong>et</strong></span> <span class='ocrx_word' id='word_1_81' title='bbox 679 1365 811 1465; x_wconf 67' lang='lat' dir='ltr'><strong>palmes</strong></span> <span class='ocrx_word' id='word_1_82' title='bbox 836 1377 958 1446; x_wconf 79' lang='lat' dir='ltr'><strong>Caesar</strong></span> <span class='ocrx_word' id='word_1_83' title='bbox 979 1377 1123 1464; x_wconf 88' lang='lat' dir='ltr'><strong>utrique:</strong></span> 
     </span>
     <span class='ocr_line' id='line_1_14' title="bbox 199 1467 954 1555; baseline -0.004 -20"><span class='ocrx_word' id='word_1_84' title='bbox 199 1486 234 1547; x_wconf 83' lang='lat'><strong>10</strong></span> <span class='ocrx_word' id='word_1_85' title='bbox 288 1467 360 1536; x_wconf 86' lang='lat' dir='ltr'><strong>Hoc</strong></span> <span class='ocrx_word' id='word_1_86' title='bbox 383 1469 525 1555; x_wconf 87' lang='lat' dir='ltr'><strong>pretium</strong></span> <span class='ocrx_word' id='word_1_87' title='bbox 548 1469 650 1533; x_wconf 84' lang='lat' dir='ltr'><strong>virtus</strong></span> <span class='ocrx_word' id='word_1_88' title='bbox 673 1467 845 1554; x_wconf 82' lang='lat' dir='ltr'><strong>ingeniose</strong></span> <span class='ocrx_word' id='word_1_89' title='bbox 866 1467 954 1532; x_wconf 87' lang='lat' dir='ltr'><strong>tulit.</strong></span> 
     </span>
     <span class='ocr_line' id='line_1_15' title="bbox 219 1553 1160 1644; baseline -0.007 -18"><span class='ocrx_word' id='word_1_90' title='bbox 219 1577 228 1626; x_wconf 73' lang='lat'>4</span> <span class='ocrx_word' id='word_1_91' title='bbox 244 1553 394 1644; x_wconf 76' lang='lat' dir='ltr'><strong>Contigit</strong></span> <span class='ocrx_word' id='word_1_92' title='bbox 415 1557 477 1624; x_wconf 88' lang='lat' dir='ltr'><strong>hoc</strong></span> <span class='ocrx_word' id='word_1_93' title='bbox 499 1556 591 1622; x_wconf 91' lang='lat' dir='ltr'><strong>nullo</strong></span> <span class='ocrx_word' id='word_1_94' title='bbox 614 1557 735 1622; x_wconf 85' lang='lat' dir='ltr'><strong>uisite</strong></span> <span class='ocrx_word' id='word_1_95' title='bbox 758 1556 819 1622; x_wconf 89' lang='lat' dir='ltr'><strong>snb</strong></span> <span class='ocrx_word' id='word_1_96' title='bbox 841 1555 1001 1641; x_wconf 88' lang='lat' dir='ltr'><strong>principe,</strong></span> <span class='ocrx_word' id='word_1_97' title='bbox 1025 1553 1160 1624; x_wconf 79' lang='lat' dir='ltr'><strong>Caesar:</strong></span> 
     </span>
     <span class='ocr_line' id='line_1_16' title="bbox 288 1643 1060 1732; baseline -0.004 -19"><span class='ocrx_word' id='word_1_98' title='bbox 288 1644 371 1714; x_wconf 85' lang='lat' dir='ltr'><strong>Cum</strong></span> <span class='ocrx_word' id='word_1_99' title='bbox 394 1645 457 1712; x_wconf 87' lang='lat' dir='ltr'><strong>dno</strong></span> <span class='ocrx_word' id='word_1_100' title='bbox 480 1649 678 1732; x_wconf 78' lang='lat' dir='ltr'><strong>pugnarent,</strong></span> <span class='ocrx_word' id='word_1_101' title='bbox 700 1645 807 1712; x_wconf 82' lang='lat' dir='ltr'><strong>vietor</strong></span> <span class='ocrx_word' id='word_1_102' title='bbox 828 1649 965 1730; x_wconf 83' lang='lat' dir='ltr'><strong>uterque</strong></span> <span class='ocrx_word' id='word_1_103' title='bbox 987 1643 1060 1710; x_wconf 88' lang='lat' dir='ltr'><strong>fuit.</strong></span> 
     </span>
    </p>
   </div>
   <div class='ocr_carea' id='block_1_5' title="bbox 156 1767 1303 2547">
    <p class='ocr_par' dir='ltr' id='par_1_5' title="bbox 156 1725 1303 2547">
     <span class='ocr_line' id='line_1_17' title="bbox 530 1767 756 1835; baseline -0.004 0"><span class='ocrx_word' id='word_1_104' title='bbox 530 1794 532 1798; x_wconf 94' lang='lat'>·</span> <span class='ocrx_word' id='word_1_105' title='bbox 655 1767 756 1835; x_wconf 76' lang='lat' dir='ltr'><strong>xxn</strong></span> 
     </span>
     <span class='ocr_line' id='line_1_18' title="bbox 244 1855 1179 1944; baseline -0.005 -17"><span class='ocrx_word' id='word_1_106' title='bbox 244 1856 382 1928; x_wconf 76' lang='lat' dir='ltr'><strong>Concita</strong></span> <span class='ocrx_word' id='word_1_107' title='bbox 405 1855 531 1923; x_wconf 84' lang='lat' dir='ltr'><strong>veloces</strong></span> <span class='ocrx_word' id='word_1_108' title='bbox 553 1855 684 1944; x_wconf 79' lang='lat' dir='ltr'><strong>fugeret</strong></span> <span class='ocrx_word' id='word_1_109' title='bbox 706 1879 780 1924; x_wconf 87' lang='lat' dir='ltr'><strong>eum</strong></span> <span class='ocrx_word' id='word_1_110' title='bbox 804 1856 933 1922; x_wconf 79' lang='lat' dir='ltr'><strong>damma</strong></span> <span class='ocrx_word' id='word_1_111' title='bbox 956 1855 1117 1923; x_wconf 89' lang='lat' dir='ltr'><strong>Molossos</strong></span> <span class='ocrx_word' id='word_1_112' title='bbox 1177 1893 1179 1896; x_wconf 33' lang='lat' dir='ltr'>v</span> 
     </span>
     <span class='ocr_line' id='line_1_19' title="bbox 282 1945 1098 2030; baseline 0.002 -21"><span class='ocrx_word' id='word_1_113' title='bbox 282 1945 333 2012; x_wconf 82' lang='lat' dir='ltr'><strong>Et</strong></span> <span class='ocrx_word' id='word_1_114' title='bbox 353 1946 445 2012; x_wconf 79' lang='lat' dir='ltr'><strong>varie</strong></span> <span class='ocrx_word' id='word_1_115' title='bbox 469 1945 573 2011; x_wconf 84' lang='lat' dir='ltr'><strong>lentes</strong></span> <span class='ocrx_word' id='word_1_116' title='bbox 596 1949 741 2012; x_wconf 76' lang='lat' dir='ltr'><strong>necteret</strong></span> <span class='ocrx_word' id='word_1_117' title='bbox 764 1949 834 2012; x_wconf 80' lang='lat' dir='ltr'><strong>arte</strong></span> <span class='ocrx_word' id='word_1_118' title='bbox 857 1967 980 2030; x_wconf 82' lang='lat' dir='ltr'><strong>morus,</strong></span> <span class='ocrx_word' id='word_1_119' title='bbox 1096 1970 1098 1974; x_wconf 92' lang='lat'>·</span> 
     </span>
     <span class='ocr_line' id='line_1_20' title="bbox 243 2032 1152 2121; baseline -0.006 -18"><span class='ocrx_word' id='word_1_120' title='bbox 243 2032 393 2103; x_wconf 76' lang='lat' dir='ltr'><strong>Caesaris</strong></span> <span class='ocrx_word' id='word_1_121' title='bbox 416 2037 492 2100; x_wconf 81' lang='lat' dir='ltr'><strong>unte</strong></span> <span class='ocrx_word' id='word_1_122' title='bbox 515 2033 614 2120; x_wconf 84' lang='lat' dir='ltr'><strong>pedes</strong></span> <span class='ocrx_word' id='word_1_123' title='bbox 637 2036 774 2121; x_wconf 82' lang='lat' dir='ltr'><strong>supplex</strong></span> <span class='ocrx_word' id='word_1_124' title='bbox 796 2035 977 2120; x_wconf 87' lang='lat' dir='ltr'><strong>similisque</strong></span> <span class='ocrx_word' id='word_1_125' title='bbox 1000 2033 1152 2120; x_wconf 84' lang='lat' dir='ltr'><strong>roganti</strong></span> 
     </span>
     <span class='ocr_line' id='line_1_21' title="bbox 288 2121 1106 2210; baseline -0.005 -18"><span class='ocrx_word' id='word_1_126' title='bbox 288 2121 459 2208; x_wconf 83' lang='lat' dir='ltr'><strong>Constitit,</strong></span> <span class='ocrx_word' id='word_1_127' title='bbox 482 2125 515 2188; x_wconf 89' lang='lat' dir='ltr'><strong>et</strong></span> <span class='ocrx_word' id='word_1_128' title='bbox 536 2123 692 2208; x_wconf 83' lang='lat' dir='ltr'><strong>praedem</strong></span> <span class='ocrx_word' id='word_1_129' title='bbox 714 2145 781 2189; x_wconf 91' lang='lat' dir='ltr'><strong>non</strong></span> <span class='ocrx_word' id='word_1_130' title='bbox 803 2123 943 2210; x_wconf 84' lang='lat' dir='ltr'><strong>tetigere</strong></span> <span class='ocrx_word' id='word_1_131' title='bbox 966 2144 1072 2190; x_wconf 84' lang='lat' dir='ltr'><strong>cenes.</strong></span> <span class='ocrx_word' id='word_1_132' title='bbox 1105 2165 1106 2168; x_wconf 57' lang='lat'><em>=</em></span> 
     </span>
     <span class='ocr_line' id='line_1_22' title="bbox 215 2230 1053 2280; baseline -0.001 -2"><span class='ocrx_word' id='word_1_133' title='bbox 215 2230 232 2280; x_wconf 76' lang='lat' dir='ltr'><strong>e</strong></span> <span class='ocrx_word' id='word_1_134' title='bbox 242 2259 1053 2279; x_wconf 91' lang='grc'><strong>................</strong></span> 
     </span>
     <span class='ocr_line' id='line_1_23' title="bbox 185 2299 1303 2386; baseline 0.002 -18"><span class='ocrx_word' id='word_1_135' title='bbox 185 2375 187 2380; x_wconf 57' lang='grc'>,</span> <span class='ocrx_word' id='word_1_136' title='bbox 287 2301 377 2368; x_wconf 85' lang='lat' dir='ltr'><strong>Haec</strong></span> <span class='ocrx_word' id='word_1_137' title='bbox 399 2299 567 2366; x_wconf 86' lang='lat' dir='ltr'><strong>intellecto</strong></span> <span class='ocrx_word' id='word_1_138' title='bbox 590 2299 736 2386; x_wconf 90' lang='lat' dir='ltr'><strong>principe</strong></span> <span class='ocrx_word' id='word_1_139' title='bbox 760 2300 845 2366; x_wconf 83' lang='lat' dir='ltr'><strong>done</strong></span> <span class='ocrx_word' id='word_1_140' title='bbox 867 2299 972 2366; x_wconf 69' lang='lat' dir='ltr'><strong>tulit·</strong></span> <span class='ocrx_word' id='word_1_141' title='bbox 1302 2367 1303 2370; x_wconf 74' lang='grc'>,</span> 
     </span>
     <span class='ocr_line' id='line_1_24' title="bbox 242 2386 1218 2475; baseline -0.004 -18"><span class='ocrx_word' id='word_1_142' title='bbox 242 2388 373 2458; x_wconf 85' lang='lat' dir='ltr'><strong>Numen</strong></span> <span class='ocrx_word' id='word_1_143' title='bbox 390 2389 490 2454; x_wconf 85' lang='lat' dir='ltr'><strong>hebet</strong></span> <span class='ocrx_word' id='word_1_144' title='bbox 504 2386 639 2474; x_wconf 76' lang='lat' dir='ltr'><strong>Caesar,</strong></span> <span class='ocrx_word' id='word_1_145' title='bbox 658 2411 750 2455; x_wconf 84' lang='lat' dir='ltr'><strong>secra</strong></span> <span class='ocrx_word' id='word_1_146' title='bbox 764 2393 815 2454; x_wconf 84' lang='lat' dir='ltr'><strong>est</strong></span> <span class='ocrx_word' id='word_1_147' title='bbox 833 2389 926 2472; x_wconf 83' lang='lat' dir='ltr'><strong>haee,</strong></span> <span class='ocrx_word' id='word_1_148' title='bbox 941 2409 1033 2455; x_wconf 80' lang='lat' dir='ltr'><strong>sacre</strong></span> <span class='ocrx_word' id='word_1_149' title='bbox 1050 2391 1218 2475; x_wconf 81' lang='lat' dir='ltr'><strong>potestas,</strong></span> 
     </span>
     <span class='ocr_line' id='line_1_25' title="bbox 156 2476 1303 2547; baseline -0.004 -1"><span class='ocrx_word' id='word_1_150' title='bbox 156 2498 180 2506; x_wconf 81' lang='grc'>”</span> <span class='ocrx_word' id='word_1_151' title='bbox 287 2476 431 2547; x_wconf 81' lang='lat' dir='ltr'><strong>Credite:</strong></span> <span class='ocrx_word' id='word_1_152' title='bbox 453 2478 585 2543; x_wconf 87' lang='lat' dir='ltr'><strong>mentiri</strong></span> <span class='ocrx_word' id='word_1_153' title='bbox 606 2499 674 2543; x_wconf 92' lang='lat' dir='ltr'><strong>non</strong></span> <span class='ocrx_word' id='word_1_154' title='bbox 696 2476 834 2544; x_wconf 87' lang='lat' dir='ltr'><strong>didicere</strong></span> <span class='ocrx_word' id='word_1_155' title='bbox 855 2476 955 2544; x_wconf 83' lang='lat' dir='ltr'><strong>ferae.</strong></span> <span class='ocrx_word' id='word_1_156' title='bbox 1302 2485 1303 2514; x_wconf 66' lang='lat'>³</span> 
     </span>
    </p>
   </div>
   <div class='ocr_carea' id='block_1_6' title="bbox 646 2653 764 2720">
    <p class='ocr_par' dir='ltr' id='par_1_6' title="bbox 646 2653 764 2720">
     <span class='ocr_line' id='line_1_26' title="bbox 646 2653 764 2720; baseline -0.008 0"><span class='ocrx_word' id='word_1_157' title='bbox 646 2653 764 2720; x_wconf 91' lang='lat' dir='ltr'>XXXI.</span> 
     </span>
    </p>
   </div>
   <div class='ocr_carea' id='block_1_7' title="bbox 242 2715 1222 2926">
    <p class='ocr_par' dir='ltr' id='par_1_7' title="bbox 242 2715 1222 2926">
     <span class='ocr_line' id='line_1_27' title="bbox 242 2715 1083 2812; baseline -0.005 0"><span class='ocrx_word' id='word_1_158' title='bbox 242 2743 364 2812; x_wconf 78' lang='lat' dir='ltr'><strong>Cedere</strong></span> <span class='ocrx_word' id='word_1_159' title='bbox 386 2742 502 2810; x_wconf 81' lang='lat' dir='ltr'><strong>maiori</strong></span> <span class='ocrx_word' id='word_1_160' title='bbox 525 2742 658 2809; x_wconf 80' lang='lat' dir='ltr'><strong>virtutis</strong></span> <span class='ocrx_word' id='word_1_161' title='bbox 680 2742 771 2808; x_wconf 82' lang='lat' dir='ltr'><strong>famu</strong></span> <span class='ocrx_word' id='word_1_162' title='bbox 794 2741 934 2810; x_wconf 80' lang='lat' dir='ltr'><strong>secunda</strong></span> <span class='ocrx_word' id='word_1_163' title='bbox 956 2747 1017 2809; x_wconf 85' lang='lat' dir='ltr'><strong>est.</strong></span> <span class='ocrx_word' id='word_1_164' title='bbox 1079 2715 1083 2721; x_wconf 24' lang='grc' dir='ltr'>Ι</span> 
     </span>
     <span class='ocr_line' id='line_1_28' title="bbox 286 2830 1222 2926; baseline 0.001 -28"><span class='ocrx_word' id='word_1_165' title='bbox 286 2832 351 2926; x_wconf 84' lang='lat' dir='ltr'><strong>Ille</strong></span> <span class='ocrx_word' id='word_1_166' title='bbox 369 2832 479 2919; x_wconf 81' lang='lat' dir='ltr'><strong>gravis</strong></span> <span class='ocrx_word' id='word_1_167' title='bbox 501 2832 614 2918; x_wconf 78' lang='lat' dir='ltr'><strong>palme</strong></span> <span class='ocrx_word' id='word_1_168' title='bbox 636 2835 702 2916; x_wconf 85' lang='lat' dir='ltr'><strong>est,</strong></span> <span class='ocrx_word' id='word_1_169' title='bbox 724 2854 823 2918; x_wconf 83' lang='lat' dir='ltr'><strong>quem</strong></span> <span class='ocrx_word' id='word_1_170' title='bbox 846 2833 954 2899; x_wconf 89' lang='lat' dir='ltr'><strong>minor</strong></span> <span class='ocrx_word' id='word_1_171' title='bbox 974 2831 1080 2914; x_wconf 87' lang='lat' dir='ltr'><strong>hostis</strong></span> <span class='ocrx_word' id='word_1_172' title='bbox 1099 2830 1222 2913; x_wconf 51' lang='lat' dir='ltr'><strong>¹hebet</strong></span> 
     </span>
    </p>
   </div>
   <div class='ocr_carea' id='block_1_8' title="bbox 637 2953 773 3022">
    <p class='ocr_par' dir='ltr' id='par_1_8' title="bbox 637 2953 773 3022">
     <span class='ocr_line' id='line_1_29' title="bbox 637 2953 773 3022; baseline 0.007 -2"><span class='ocrx_word' id='word_1_173' title='bbox 637 2953 773 3022; x_wconf 90' lang='lat' dir='ltr'>XXXII.</span> 
     </span>
    </p>
   </div>
   <div class='ocr_carea' id='block_1_9' title="bbox 205 3009 1097 3219">
    <p class='ocr_par' dir='ltr' id='par_1_9' title="bbox 205 3009 1097 3219">
     <span class='ocr_line' id='line_1_30' title="bbox 205 3009 1097 3130; baseline 0.009 -26"><span class='ocrx_word' id='word_1_174' title='bbox 205 3097 209 3104; x_wconf 92' lang='lat'><em>.</em></span> <span class='ocrx_word' id='word_1_175' title='bbox 241 3043 445 3111; x_wconf 71' lang='lat' dir='ltr'><strong>Ducenium</strong></span> <span class='ocrx_word' id='word_1_176' title='bbox 469 3042 601 3108; x_wconf 88' lang='lat' dir='ltr'><strong>subitis:</strong></span> <span class='ocrx_word' id='word_1_177' title='bbox 623 3065 691 3110; x_wconf 91' lang='lat' dir='ltr'><strong>non</strong></span> <span class='ocrx_word' id='word_1_178' title='bbox 713 3044 918 3130; x_wconf 85' lang='lat' dir='ltr'><strong>displicuisse</strong></span> <span class='ocrx_word' id='word_1_179' title='bbox 941 3009 1097 3128; x_wconf 82' lang='lat' dir='ltr'><strong>meretur,</strong></span> 
     </span>
     <span class='ocr_line' id='line_1_31' title="bbox 286 3130 963 3219; baseline 0.004 -21"><span class='ocrx_word' id='word_1_180' title='bbox 286 3130 605 3218; x_wconf 70' lang='lat' dir='ltr'><strong>Festinat,&#39;Oeeser,</strong></span> <span class='ocrx_word' id='word_1_181' title='bbox 629 3133 685 3219; x_wconf 90' lang='lat' dir='ltr'><strong>qui</strong></span> <span class='ocrx_word' id='word_1_182' title='bbox 707 3133 869 3219; x_wconf 81' lang='lat' dir='ltr'><strong>placuisse</strong></span> <span class='ocrx_word' id='word_1_183' title='bbox 892 3135 963 3201; x_wconf 81' lang='lat' dir='ltr'><strong>tibi.</strong></span> 
     </span>
    </p>
   </div>
   <div class='ocr_carea' id='block_1_10' title="bbox 498 3308 782 3381">
    <p class='ocr_par' dir='ltr' id='par_1_10' title="bbox 498 3308 782 3381">
     <span class='ocr_line' id='line_1_32' title="bbox 498 3308 782 3381; baseline -0.011 0"><span class='ocrx_word' id='word_1_184' title='bbox 498 3378 500 3381; x_wconf 84' lang='grc'><strong>,</strong></span> <span class='ocrx_word' id='word_1_185' title='bbox 630 3308 782 3378; x_wconf 87' lang='lat' dir='ltr'>XXXIII.</span> 
     </span>
    </p>
   </div>
   <div class='ocr_carea' id='block_1_11' title="bbox 241 3399 1185 3574">
    <p class='ocr_par' dir='ltr' id='par_1_11' title="bbox 241 3399 1185 3574">
     <span class='ocr_line' id='line_1_33' title="bbox 241 3399 1185 3488; baseline 0 -21"><span class='ocrx_word' id='word_1_186' title='bbox 241 3399 356 3467; x_wconf 76' lang='lat' dir='ltr'><strong>Flavia</strong></span> <span class='ocrx_word' id='word_1_187' title='bbox 380 3421 475 3488; x_wconf 81' lang='lat' dir='ltr'><strong>gens,</strong></span> <span class='ocrx_word' id='word_1_188' title='bbox 498 3402 657 3484; x_wconf 82' lang='lat' dir='ltr'><strong>qnantum</strong></span> <span class='ocrx_word' id='word_1_189' title='bbox 680 3401 743 3466; x_wconf 85' lang='lat' dir='ltr'><strong>tibi</strong></span> <span class='ocrx_word' id='word_1_190' title='bbox 766 3402 884 3467; x_wconf 83' lang='lat' dir='ltr'><strong>tertius</strong></span> <span class='ocrx_word' id='word_1_191' title='bbox 909 3400 1047 3466; x_wconf 80' lang='lat' dir='ltr'><strong>abstulit</strong></span> <span class='ocrx_word' id='word_1_192' title='bbox 1069 3400 1185 3467; x_wconf 84' lang='lat' dir='ltr'><strong>heres!</strong></span> 
     </span>
     <span class='ocr_line' id='line_1_34' title="bbox 286 3488 987 3574; baseline -0.001 -19"><span class='ocrx_word' id='word_1_193' title='bbox 286 3488 396 3556; x_wconf 83' lang='lat' dir='ltr'><strong>Paene</strong></span> <span class='ocrx_word' id='word_1_194' title='bbox 418 3490 483 3555; x_wconf 85' lang='lat' dir='ltr'><strong>fuit</strong></span> <span class='ocrx_word' id='word_1_195' title='bbox 505 3489 605 3574; x_wconf 85' lang='lat' dir='ltr'><strong>tenti,</strong></span> <span class='ocrx_word' id='word_1_196' title='bbox 627 3510 695 3555; x_wconf 92' lang='lat' dir='ltr'><strong>non</strong></span> <span class='ocrx_word' id='word_1_197' title='bbox 717 3489 872 3556; x_wconf 86' lang='lat' dir='ltr'><strong>habuisse</strong></span> <span class='ocrx_word' id='word_1_198' title='bbox 896 3489 987 3555; x_wconf 88' lang='lat' dir='ltr'><strong>duos.</strong></span> 
     </span>
    </p>
   </div>
   <div class='ocr_carea' id='block_1_12' title="bbox 625 3611 787 3626">
    <p class='ocr_par' dir='ltr' id='par_1_12' title="bbox 625 3611 787 3626">
     <span class='ocr_line' id='line_1_35' title="bbox 625 3611 787 3626; baseline 0.012 -2"><span class='ocrx_word' id='word_1_199' title='bbox 625 3611 787 3626; x_wconf 49' lang='grc' dir='ltr'><strong>-μ-</strong></span> 
     </span>
    </p>
   </div>
   <div class='ocr_carea' id='block_1_13' title="bbox 0 0 1310 4048">
    <p class='ocr_par' dir='ltr' id='par_1_13' title="bbox 0 0 1310 4048">
     <span class='ocr_line' id='line_1_36' title="bbox 0 0 1310 4048; baseline 0 0"><span class='ocrx_word' id='word_1_200' title='bbox 0 0 1310 4048; x_wconf 95' lang='lat' dir='ltr'><strong> </strong></span> 
     </span>
    </p>
   </div>
  </div>
 </body>
</html>
