2528 4038
285 204 292 218 '
324 233 625 294 nnioaanumon
644 236 711 294 mu.
729 235 779 294 iv.
1018 235 1061 303 95

454 379 464 408 ²
485 399 618 467 xnvn.

83 511 269 576 Encaustus
292 505 467 574 Phaethon
490 507 602 572 tabula
625 509 688 574 tibi
710 508 817 596 pictus
841 507 875 574 in
898 506 960 573 hac
983 510 1042 573 est.

127 597 213 677 Quid
237 597 301 663 tibi
324 597 387 683 vis,
411 596 562 682 dipyrum
587 597 643 682 qni
667 597 876 664 Phaethonta
898 595 1002 664 facis?

477 737 628 808 XLVIII.

83 845 210 913 Percidi
234 841 372 948 gaudes,
394 846 555 932 percisos,
578 845 705 932 Papile,
729 847 848 932 ploras

128 933 210 1020 Cur,
234 956 318 1022 quae
335 935 390 1001 vis
413 935 485 1000 fieri
490 933 647 1020 ,Papile,
670 935 758 1002 facta
779 934 893 1001 doles?

85 1023 237 1091 Paenitet
261 1025 420 1090 obscenae
443 1023 648 1110 pruriginis?
672 1045 715 1089 an
736 1023 843 1112 magis
865 1022 986 1090 illud

128 1111 220 1200 Ples,
245 1112 333 1198 quod
355 1113 492 1198 percidi,
515 1113 644 1199 Papile,
667 1111 824 1180 desieris?

496 1269 611 1338 xum

85 1376 215 1464 Nescit,
239 1376 333 1444 erede
356 1377 449 1463 mihi,
473 1378 550 1464 qnid
574 1378 641 1444 sint
660 1377 912 1464 epigrammata,
931 1375 1059 1462 Flacco,

130 1467 195 1544 Qui
218 1470 349 1533 tantum
373 1467 466 1532 lusus
489 1467 556 1532 ista
578 1467 731 1553 iocosque
753 1471 859 1535 vocat.

85 1555 278 1642 Ille'magis
302 1555 400 1640 ludit,
423 1556 480 1640 qni
504 1556 618 1622 scribit
641 1556 779 1641 prandia
803 1556 892 1622 saevi

129 1643 266 1730 Tereos,
290 1649 348 1711 aut
371 1665 499 1728 cenam,
522 1645 619 1711 crude
642 1643 801 1732 Thyesta,
824 1649 929 1728 tuam,

63 1732 155 1799 oAut
176 1755 279 1819 puero
303 1732 444 1818 liquidas
469 1737 638 1818 aptantem
661 1732 830 1799 Daedalon
854 1733 938 1817 alas,
1038 1757 1040 1762 ·

129 1823 325 1888 Pascentem
349 1819 477 1888 Siculas
497 1825 559 1886 aut
580 1821 810 1907 Polyphemon
832 1843 918 1888 oves.

86 1911 265 1978 Anostris
289 1910 405 1996 procul
428 1914 480 1976 est
503 1911 608 1976 omnis
632 1912 740 1977 vesica
762 1910 898 1996 libellis,

2 2077 3 2082 γ
131 1999 230 2065 Musa
251 2021 312 2065 neo
334 1999 451 2066 insano
476 2002 622 2084 syrmate
644 2003 759 2064 nostra
782 2002 894 2065 tumet

86 2088 166 2173 „Illa
188 2092 304 2154 tamen
324 2087 461 2153 laudant
484 2107 610 2172 omnes,
633 2087 807 2172 mirantur,
831 2086 993 2154 adorant.“

51 2192 79 2242 10
132 2176 314 2246 Confiteor:
337 2176 474 2242 landant
496 2176 565 2257 illa,
590 2176 647 2242 sed
670 2177 736 2242 ista
759 2177 883 2264 legunt.

535 2333 572 2402 L.

89 2441 173 2520 Quid
197 2464 263 2525 me,
286 2441 385 2526 Thai,
408 2463 517 2508 senem
541 2441 679 2508 subinde
703 2441 808 2508 dicis?
936 2497 944 2509 ,

72 2531 195 2621 „Nemo
220 2534 284 2616 est,
306 2529 403 2610 Thai,
427 2551 524 2596 senex
548 2528 848 2597 adfirmmandnm.

527 2687 580 2754 LI.

89 2797 171 2867 Cum
195 2797 258 2864 tibi
280 2818 347 2864 non
365 2799 480 2862 essent
504 2817 560 2860 sex
582 2795 687 2880 milia,
710 2794 945 2883 Caeciliana,

131 2885 267 2974 Ingenti
239 2886 356 2952 tlate
379 2888 453 2952 vect
454 2907 492 2950 ns
516 2905 550 2949 es
574 2847 778 2970 hexaphoro·

88 2975 287 3062 Postquam
292 2975 351 3041 bis
369 2974 512 3041 deciest
497 2973 615 3038 tribuit
600 2974 698 3039 tdea
721 2996 817 3041 caeca
841 2961 1019 3060 sinumque

2 3077 22 3123 Ἀ
132 3066 306 3151 Ruperunt
327 3065 467 3148 nummi,
489 3061 594 3128 factus
618 3082 664 3145 es,
689 3083 762 3128 ecce
768 3064 905 3148 ,.pedes
1104 3061 1109 3070 “

2 3137 3 3230 l
35 3153 173 3233 tQuid
196 3153 260 3220 tihi
283 3175 342 3238 pro
366 3153 492 3219 meritis
464 3156 550 3218 rset
573 3149 675 3216 tantis
699 3113 851 3217 laudibus
875 3151 1007 3240 optem?

2 3209 3 3330 l
132 3245 177 3348 Di
199 3241 339 3310 reddant
362 3241 492 3364 sellam,
516 3239 713 3328 Caeciliana,
735 3239 806 3306 tibi.

522 3399 609 3468 a

91 3511 252 3580 Gestari*
243 3514 334 3578 runct
335 3511 363 3577 is
386 3509 451 3576 nisi
474 3507 609 3592 desinis,
633 3505 773 3590 Hedyle,
798 3505 919 3592 capris,

135 3601 214 3681 Qui
223 3602 320 3668 modo
344 3599 424 3666 ficus
449 3619 535 3684 eras,
558 3597 624 3662 iam
649 3593 819 3680 caprificus
843 3591 916 3658 erls
1006 3603 1009 3610 ”
