2596 4032
201 185 277 252 Ι334
493 163 496 174 “
540 181 899 244 ueneramus

587 346 732 416 CXXIV.
758 297 851 432 Topo.
956 299 958 304 Ι
1087 301 1089 304 ¹

255 454 421 522 Romanos
445 475 553 522 rerum
577 441 727 522 dominos
751 458 947 541 gentemque
968 453 1121 540 togatam

298 541 359 610 Illo
381 542 475 630 fucit,
497 564 617 630 magno
641 543 698 630 qui
721 541 810 609 dedit
834 547 923 609 astra
945 541 1042 629 patri.

667 683 766 750 Idem.

255 781 291 852 Si
313 782 493 850 matutinos
515 780 613 848 focile
628 785 689 848 -est
711 781 775 846 tibi
796 781 931 867 perdere
954 801 1100 865 somnos,

298 871 427 939 Attrita
450 870 558 938 reniet
582 871 731 956 sportula
753 891 851 958 saepe
873 875 961 958 toga

626 1011 808 1080 Endromis.

249 1110 410 1196 'Pauperis
434 1112 485 1176 est
509 1131 640 1194 munus,
664 1108 808 1175 sednon
832 1113 883 1174 ost
904 1110 1055 1196 pauperis
1079 1129 1180 1176 usus:

289 1198 392 1266 ,Hanc
415 1197 476 1264 tibi
498 1219 559 1284 pro
581 1197 676 1264 laena
699 1197 862 1264 mittimus
886 1197 1084 1264 endromida

468 1337 629 1406 cxxvii
653 1337 832 1408 Canusinae
851 1341 966 1423 fuscae.

254 1443 347 1512 Haeo
368 1445 431 1512 tibi
452 1445 587 1512 turbato
611 1444 776 1512 Canusina
800 1445 969 1512 simillima
991 1444 1100 1512 mulso

299 1533 419 1600 Munus
442 1534 514 1602 erit.
551 1531 677 1600 Gaude:
700 1556 766 1600 non
789 1533 855 1602 cito
878 1535 935 1601 fiet
958 1556 1048 1600 anus.

589 1675 847 1744 Bardocucullus.

77 1755 80 1765 ¹
158 1812 161 1816 -
256 1770 366 1840 Gallia
390 1770 566 1840 Santonico
589 1774 690 1840 vestit
712 1777 746 1839 te
772 1773 1010 1842 bardocucullo.

301 1858 607 1950 Cercopithecorum
629 1863 770 1948 paenula
788 1885 896 1948 nuper
919 1867 997 1930 erat.

486 2001 629 2072 CXXIX.
654 2001 832 2072 Canusinae
854 2004 952 2086 rufae.
1150 2037 1164 2088 ι

255 2109 363 2177 Roma
385 2109 491 2197 magis
515 2110 615 2176 fuscis
638 2108 922 2212 vestiturpGalliu
945 2110 1035 2194 rufis,
1286 2133 1287 2212 p

282 2197 345 2300 ¹Et
365 2199 473 2283 placet
495 2198 549 2265 hic
571 2198 681 2286 pueris
705 2199 928 2286 m1ht1busque
952 2199 1049 2270 color.

575 2339 718 2406 Paenula
739 2345 863 2408 scorteu.

253 2436 443 2524 Ingrediare
466 2437 553 2506 viam
577 2437 666 2504 caelo
689 2437 765 2504 licet
788 2459 890 2524 usquc
914 2461 1041 2526 sereno,

298 2525 352 2593 Ad
375 2527 501 2594 subitas
524 2548 690 2612 nunquam
714 2529 841 2592 scortea
865 2527 948 2594 desit
971 2551 1081 2616 aquus.

463 2666 608 2735 CXXXI.
630 2667 789 2734 Lacernae
810 2671 970 2740 coccineae.

156 2845 159 2850 Δ
254 2772 290 2842 si
311 2777 429 2842 veneto
453 2775 626 2862 prasinove
648 2773 753 2859 faves,
777 2775 853 2859 quid
877 2777 1008 2846 coccina
1030 2781 1168 2848 sumes?
1283 2809 1284 2812 ¹

297 2861 348 2930 Nc
371 2863 432 2930 fias
455 2863 520 2930 ista
542 2861 715 2948 transfugo
738 2869 840 2948 sorte,
862 2865 952 2932 ride·

643 2981 787 3108 neuun

253 3108 289 3178 Si
310 3131 455 3196 possem,
478 3113 567 3176 totas
591 3131 742 3196 cuperem
765 3110 894 3177 misisse
916 3112 1077 3182 lacernas:

298 3198 394 3294 Nupc
418 3203 546 3265 tantum
571 3199 671 3286 capiti
695 3221 829 3266 munera
851 3200 948 3267 mitto
972 3207 1037 3270 tuo.

448 3339 625 3408 ΟΧΧΧΙΙΙ.
648 3342 807 3410 Lucenrac
828 3342 985 3410 Baeticae.

252 3448 329 3515 Non
352 3452 403 3516 est
425 3449 502 3514 lena
525 3449 605 3514 mihi
629 3450 781 3535 mendax,
807 3471 866 3516 nec
890 3454 999 3516 mutor
1022 3449 1143 3522 aheno.
1280 3443 1281 3469 ¹

297 3535 351 3603 Sic
373 3537 524 3620 placeant
547 3537 678 3624 Tyriae:
702 3562 754 3604 me
777 3561 850 3605 mea
872 3539 971 3606 tinxit
993 3541 1071 3606 ovis.
