2596 4032
192 185 259 252 256
336 185 339 190 ·
521 185 560 246 n
577 184 660 244 vau.
679 149 878 241 unanima
938 145 940 147 ’

672 311 803 415 nu(

239 454 314 522 Non
336 454 464 521 urbana
487 475 561 520 maa
583 423 713 522 tantum
736 452 917 540 Pimpleide
940 452 1083 540 gaudent

282 542 374 628 Otia,
395 565 456 610 nee
478 544 590 610 vacuis
614 545 746 611 auribus
769 545 834 608 ista
857 542 987 627 damus,

238 631 301 700 Sed
324 653 414 698 meus
438 632 473 698 in
496 630 618 699 Geticis
641 634 682 700 ad
704 631 826 699 Martia
849 631 945 715 signa
967 629 1092 716 pruinis

282 719 315 786 A
337 719 443 806 rigido
466 719 585 786 teritur
608 723 794 788 centurione
817 719 915 804 liber,

213 808 368 876 aDicitur
391 814 425 874 et
446 813 578 876 nostros
602 815 733 877 cantara
756 809 932 876 Britannia
954 829 1075 874 versus.

284 897 370 976 Quid
392 897 549 984 prodest?
586 896 700 964 Nescit
723 899 870 966 sacculus
893 898 959 962 ista
981 917 1082 962 meus.
1116 969 1117 972 Ἴ

238 985 287 1053 At
309 1009 406 1073 quam
430 987 573 1054 victuras
596 991 783 1074 poteramus
806 1007 951 1074 pangere
974 984 1106 1051 chartas

284 1073 479 1160 Quantaque
501 1073 609 1142 Pieria
631 1077 757 1162 proelia
779 1075 859 1142 flare
881 1075 975 1160 tuba,

239 1161 323 1231 Cum
344 1164 622 1250 piareddiderint
644 1165 830 1252 Augustum
853 1164 988 1230 numina
1010 1161 1121 1245 terris,

197 1269 230 1318 ro
283 1253 329 1319 Et
350 1251 575 1320 Maecenatem
598 1254 627 1320 si
650 1253 726 1339 tibi,
749 1253 867 1340 Roma,
891 1252 1019 1319 darem!

671 1393 731 1461 IV.
756 1371 805 1452 ν’

240 1495 341 1566 Sacra
362 1498 513 1586 laresque
532 1499 713 1588 Phrygum,
736 1522 818 1586 quos
837 1499 954 1566 Troiae
977 1499 1094 1565 maluit
1116 1499 1215 1566 heres
1284 1481 1285 1570 i

191 1595 194 1600 '
285 1586 389 1664 Quam
413 1611 526 1675 rapere
549 1612 679 1656 arsuras
701 1589 934 1656 Laomedontis
957 1610 1050 1674 opes,
1105 1639 1107 1643 -

81 1669 90 1682 “
194 1678 196 1682 ’
227 1674 386 1762 vScriptus
410 1681 443 1744 et
465 1682 598 1744 aeterno
621 1700 706 1744 nunc
728 1679 869 1764 primum
891 1677 1039 1762 Iuppiter
1062 1699 1144 1744 auro

285 1765 333 1831 Et
355 1787 448 1832 soror
471 1769 504 1832 et
527 1768 646 1832 summi
669 1768 738 1832 filia
760 1771 833 1835 tota
855 1767 974 1853 patris,

215 1853 287 1920 sut
310 1854 366 1939 qui
388 1856 559 1940 purpureis
582 1856 648 1921 iam
671 1857 772 1922 tertia
794 1857 928 1922 uomina
949 1855 1058 1934 fastis,

188 1953 191 1962 '
285 1941 377 2028 Iane,
400 1942 500 2009 refers
523 1941 667 2029 Nervae3
688 1965 747 2010 uos
770 1965 887 2030 precor
909 1965 966 2010 ora
988 1945 1057 2030 pio:
1156 2026 1159 2030 Ι

240 2029 337 2097 Hunc
360 2053 472 2097 omnes
495 2037 622 2098 servate
645 2032 771 2116 ducem,
795 2037 923 2099 servate
947 2037 1110 2120 senatum3

284 2119 432 2186 Moribus
454 2120 508 2187 hie
529 2121 621 2187 vivat
643 2121 814 2209 principis,
836 2122 892 2189 ille
915 2122 992 2188 suis.
1121 2199 1125 2208 1

432 2340 433 2344 ,
684 2279 726 2346 V.
755 2209 788 2334 θ’]

241 2386 348 2452 Tanta
369 2385 431 2452 tibi
454 2387 505 2450 est
527 2386 607 2451 recti
630 2385 825 2470 reverentia,
849 2384 983 2472 Caesar,
1006 2392 1040 2453 et
1063 2391 1174 2474 aequi,
1284 2427 1285 2474 3

286 2473 416 2562 Quanta
438 2473 565 2539 Numae
588 2473 710 2539 fuerat:
733 2474 790 2540 sed
812 2472 923 2540 Numa
945 2498 1070 2562 pauper
1092 2485 1174 2544 erat.
1284 2475 1285 2490 ³

241 2562 354 2629 Ardua
376 2584 428 2629 ras
451 2561 532 2628 haee
555 2567 620 2642 est,
642 2563 759 2648 opibus
782 2585 849 2630 non
871 2565 999 2630 tradere
1023 2588 1132 2632 mores

285 2650 345 2737 at,
368 2673 441 2718 oum
463 2655 516 2717 tot
539 2649 678 2717 Croesos
700 2653 830 2735 viceris,
852 2674 924 2720 esse
947 2653 1109 2722 Numam„

216 2739 278 2808 tSi
301 2739 435 2806 redeant
457 2744 596 2825 veteres,
619 2740 767 2826 ingentia
788 2742 937 2828 nomina,
959 2748 1083 2830 patrea,

286 2829 436 2914 Elysium
459 2828 557 2894 liceat
579 2829 608 2893 si
631 2851 769 2894 vacuare
791 2853 919 2896 nemus:

242 2919 287 2984 Ta
310 2918 397 2984 colet
420 2917 561 2982 invictus
584 2939 644 3003 pro
669 2919 822 2984 libertato
846 2917 1017 3005 Camillus

286 3007 412 3071 Aurum
435 3005 618 3088 Fabricius,
640 3011 673 3072 te
696 3007 875 3092 tribuente,
897 3010 999 3094 volet3
1208 3079 1215 3092 ,

242 3095 287 3160 Te
311 3094 390 3161 duce
414 3095 571 3182 gaudebit
592 3093 728 3179 Brutus,
750 3097 812 3160 tibi
836 3095 929 3163 Sulla
952 3102 1105 3165 cruentus
1142 3100 1206 3186 ,ψ’
1284 3149 1285 3184 2

201 3201 232 3250 10
286 3183 462 3268 Imperium
485 3185 607 3270 tradet,
630 3186 894 3269 compositurus
918 3187 994 3275 erit3
1085 3167 1158 3285 pir-i

240 3273 287 3339 Et
309 3276 343 3337 te
366 3273 495 3356 privato
518 3295 592 3340 cum
616 3272 753 3340 Caesare
777 3274 917 3362 Magnus
941 3269 1093 3362 amabitj

286 3360 432 3426 Donabit
455 3366 543 3429 totas
567 3367 601 3428 et
621 3363 683 3428 tibi
707 3362 844 3431 Crassus
868 3387 955 3448 opes.

185 3479 193 3486 ·
241 3449 316 3534 Ipso
339 3471 467 3536 quoque
489 3451 626 3518 infernis
650 3457 819 3518 revocatus
844 3453 931 3519 Ditis
956 3454 996 3520 ab
1020 3454 1145 3522 umbris

288 3536 324 3604 Si
347 3535 429 3605 Cato
452 3540 621 3627 reddatur,
643 3539 859 3608 Caesarianus
883 3543 954 3608 erit.
1023 3550 1025 3553 ’
