2610 4048
247 169 250 174 ’
312 238 316 244 .
408 195 707 258 arrcmuusron
725 201 834 260 aiau
1090 205 1133 274 23

153 364 289 432 Lunata
305 387 466 452 nusquam
490 365 587 452 pellis
612 371 828 452 utnusquam
851 368 932 454 toga

201 453 380 540 Olidaeque
402 457 511 520 vestes
536 455 673 540 murice3

153 541 275 609 Procul
298 542 451 608 horridus
474 541 639 610 Liburnus
663 548 696 609 et
719 544 872 630 querulus
895 543 1012 627 cliens,

201 631 345 718 Imperia
367 632 540 699 viduarum
563 633 691 720 procul3

104 737 142 786 35
156 719 236 787 Non
257 727 387 806 rumpet
410 722 514 788 altum
538 721 680 808 pallidus
705 743 855 788 somnum
877 742 966 808 reus,

13 845 15 850 ·
140 823 142 826 ’
204 807 269 874 Sed
292 832 388 876 mane
410 814 520 878 toturn
545 811 695 877 dormies.

155 897 325 963 Mereatur
347 899 433 965 alius
457 899 580 987 grande
604 902 637 966 et
659 901 810 966 insenum
833 898 969 986 sophosr

182 1016 184 1018 ·
203 986 357 1053 Miserere
380 992 418 1054 tu
440 987 585 1054 felicium

157 1072 310 1162 Veroque
332 1075 441 1142 fruere
462 1097 530 1142 non
554 1077 713 1161 superbus
737 1075 873 1164 gaudio,

106 1181 147 1230 4ο
205 1163 292 1229 Dum
318 1163 403 1230 Sura
425 1165 578 1231 laudatur
601 1171 686 1232 tuus.

156 1251 234 1318 Non
256 1253 451 1336 inpudenter
474 1254 544 1320 vita
567 1256 653 1340 quod
677 1254 810 1320 relicum
834 1256 884 1320 est
907 1251 1005 1340 petit,

203 1339 287 1407 Cum
309 1341 400 1408 fama
423 1343 614 1428 quodsatis
638 1347 688 1410 est
710 1343 819 1408 habet

605 1465 631 1531 L

154 1561 194 1630 si
217 1561 280 1628 tibi
302 1561 471 1648 Mistyllos
495 1575 604 1647 cocus,
629 1516 825 1648 llemiliane,
847 1566 999 1650 vocatur,

201 1649 341 1716 Dicatur
364 1673 464 1737 quare
486 1673 553 1718 non
576 1651 746 1718 Taratalla
769 1651 874 1717 mihi?

597 1775 651 1842 LI.

151 1872 233 1938 Non
256 1872 337 1938 facit
359 1872 401 1938 ad
424 1893 548 1948 saevos,
563 1875 687 1958 cervix,
709 1873 774 1940 nisi
796 1875 918 1960 prima,
940 1875 1060 1956 leones.

202 1961 289 2038 Quid
310 1961 399 2048 fugis
422 1961 484 2027 hos
508 1961 635 2045 dentes,
658 1961 830 2029 ambitiose
853 1963 970 2049 lepus?

153 2049 289 2117 Scilicet
312 2073 333 2115 a
354 2050 483 2136 magnis
508 2050 549 2116 ad
573 2055 607 2116 te
625 2049 821 2121 ‚descendere
845 2051 949 2117 tauris

202 2135 248 2204 Et
272 2160 354 2223 quae
376 2160 445 2205 non
468 2143 606 2205 cernunt
629 2139 781 2226 frangere
805 2139 892 2206 oolla
914 2140 1005 2208 volis.

123 2227 369 2314 5Desperanda
391 2227 456 2294 tibi
480 2232 530 2293 est
553 2228 696 2314 ingentis
720 2229 827 2314 gloria
849 2227 926 2295 sati:

166 2375 168 2378 ,
200 2315 279 2382 Non
300 2320 396 2402 potes
419 2315 482 2382 hoc
505 2317 613 2382 tenuis
636 2317 756 2402 praeda
780 2317 840 2383 sub
863 2317 960 2385 hoste
983 2317 1076 2384 mori

504 2456 508 2463 '
588 2439 659 2507 LII.

153 2537 357 2606 Commendo
381 2537 458 2619 tibi,
482 2536 672 2621 Quintiane,
694 2540 827 2604 nostros
851 2575 894 2588 -

153 2626 298 2694 Nostros
322 2626 427 2692 dicere
451 2627 480 2691 si
503 2631 614 2692 tamen
637 2625 769 2691 libellos

154 2716 308 2800 Possum,
332 2737 414 2801 quos
437 2716 556 2781 recitat
578 2718 655 2779 tuus
679 2718 777 2799 poeta
803 2737 858 2781 -ε
971 2749 974 2756 ·

156 2803 194 2871 Si
217 2804 255 2870 de
279 2803 414 2870 servitio
439 2804 532 2890 gravi
555 2807 749 2887 queruntur,

124 2892 450 2960 5Adse1torrenias
475 2891 620 2976 satisque
643 2895 805 2977 praestes,
854 2960 856 2964 ,
893 2937 894 2940 ,

154 2980 215 3066 Et,
237 3003 312 3047 cum
336 2980 564 3046 aedominum
587 2979 719 3047 vocabit
742 2980 813 3065 ille,

13 3135 22 3154 ,
155 3070 256 3136 Dicas
279 3089 352 3134 esse
375 3090 465 3136 meos
489 3091 653 3156 manuque
672 3068 818 3151 ¹missos..

155 3157 227 3224 Hoc
251 3159 278 3224 si
302 3161 418 3244 terque
442 3163 622 3244 quaterque
645 3157 842 3243 clamitatis,

154 3247 309 3332 Impones
332 3247 497 3334 plagiario
520 3247 689 3335 pudorem.

581 3372 667 3439 LIII.

155 3459 230 3534 Una
253 3473 305 3536 est
327 3468 363 3536 in
384 3470 508 3536 nostris
531 3473 599 3555 tua,
621 3469 806 3553 Fidentine,
828 3469 951 3536 libellis

152 3557 296 3644 Pagina,
319 3557 377 3624 sed
399 3563 489 3625 certa
513 3559 636 3626 domini
660 3559 791 3646 signata
813 3558 934 3646 figura,
