2596 4032
372 271 670 332 sarcaruuurou
688 273 753 334 ura.
773 276 847 334 rw.
1051 284 1116 352 339

176 404 179 410 .
255 433 430 502 CLXXIV.
454 437 737 523 Hermaphroditus
760 427 957 512 marmoreas.

142 541 308 608 Masculus
332 542 469 608 intravit
492 543 614 630 fontes,
638 547 771 613 emersit
794 553 979 636 utrumque:

188 630 269 696 Pars
293 635 432 698 estana
455 633 572 719 patris,
596 639 704 701 cetera
727 638 841 704 matris
864 637 973 742 habet

392 855 394 858 Ι
494 773 610 843 Danae
625 779 723 863 picto.

141 876 209 945 Cur
233 881 308 945 ate
332 879 474 965 pretium
498 879 625 968 Danae,
648 888 804 972 regnator
827 885 971 973 Olympi,

187 967 338 1054 Accepit,
362 970 464 1054 gratis
489 971 517 1036 si
538 972 603 1037 tibi
626 971 713 1038 Leda
736 971 847 1040 dedit?

339 1107 515 1176 CLXXVI.
539 1111 678 1178 Persona
701 1113 870 1183 Germana.

140 1205 221 1272 Sum
242 1207 338 1294 figuli
361 1207 453 1272 lusus
477 1211 561 1274 russi
584 1232 723 1295 persona
746 1211 872 1278 Batavi.

187 1293 277 1372 Quae
300 1299 337 1361 tu
361 1296 503 1382 derides,
526 1297 606 1364 haec
629 1299 725 1364 timet
748 1321 805 1366 ora
828 1323 916 1386 puer.

319 1436 509 1504 CLXXVII.
532 1440 681 1506 Hercules
704 1440 893 1510 Corinthius.

137 1535 246 1602 Elidit
269 1536 418 1622 geminos
442 1536 549 1601 infans
572 1559 632 1602 nec
655 1537 788 1623 respicit
810 1560 942 1625 angues.

184 1623 256 1690 Iam
278 1628 411 1712 poterat
434 1629 563 1691 teneras
586 1625 691 1711 hydra
714 1627 829 1692 timere
852 1649 976 1695 manus.

461 1766 612 1834 Hercules
632 1767 747 1852 fictilis.

139 1872 219 1966 Cum
242 1872 385 1960 fragilis:
408 1872 463 1937 sed
486 1877 537 1958 tu,
561 1895 691 1958 moneo,
708 1895 750 1938 ne
773 1895 887 1958 sperne
910 1874 1069 1961 sigillum:

75 1965 113 2006 ·.
184 1961 261 2028 Non
284 1962 386 2048 pudet
408 1960 545 2027 Alciden
567 1957 686 2029 uoinen
709 1961 829 2028 habere
852 1984 968 2029 meum.

111 2151 118 2187 ,
346 2101 517 2168 CLXXIX.
541 2105 688 2170 Miaerua
709 2110 861 2188 aryeatca.

137 2211 201 2278 Dl⁰
224 2209 318 2294 mihi,
339 2210 432 2296 virgo
456 2210 561 2295 ferox,
584 2232 657 2276 cum
681 2211 723 2276 sit
742 2212 804 2276 tibi
823 2210 924 2276 cussis
943 2215 977 2276 et
999 2210 1107 2294 hasta,
1181 2278 1182 2282 ,

185 2299 293 2378 Quare
315 2319 383 2365 non
405 2298 528 2363 habeas
553 2299 676 2386 aegida.
712 2297 852 2383 „Cacsar
875 2298 1003 2364 habct“
1036 2299 1038 2304 '

74 2517 76 2520 ,
484 2439 612 2523 Europe
628 2441 723 2522 po'cta.

137 2547 262 2614 Mutari
284 2545 402 2612 melius
426 2549 534 2630 tauro,
557 2549 651 2631 pater
674 2545 796 2629 optime
820 2545 942 2626 divum,

184 2637 275 2704 Tunc
298 2640 445 2721 poteras,
467 2633 504 2700 Io
528 2655 601 2700 cum
625 2633 688 2700 tibi
711 2655 809 2700 vacca
831 2633 904 2700 suit.

313 2773 485 2844 CLXXXI.
508 2775 669 2841 Leandros
690 2795 888 2842 marmorata
1025 2847 1027 2852 ,

137 2875 313 2945 Clamabat
335 2874 470 2940 tumidis
494 2872 599 2938 audax
622 2871 786 2940 Leandros
809 2871 844 2936 iu
866 2871 973 2938 undis:

181 2965 340 3053 „Mergite
360 2984 416 3048 me
438 2961 569 3043 fluctus,
593 2983 666 3027 cum
689 2959 850 3026 rediturus
875 2959 957 3026 ero.“

404 3103 551 3188 saulum
570 3102 687 3187 aliteri
707 3102 807 3186 fictile.

135 3211 258 3280 Ebrius
275 3210 357 3277 haec
375 3209 453 3276 lecit
471 3209 582 3289 terris,
601 3211 695 3293 puto,
714 3211 861 3276 monstra
878 3207 1102 3275 Prometheus:

182 3299 402 3368 Saturnalicio
425 3299 506 3364 lusit
529 3301 562 3363 ct
584 3297 654 3383 ipse
677 3297 757 3362 luto.

262 3439 468 3508 CLXXXIII.
491 3439 624 3506 Homeri
645 3437 937 3504 Batrachomachia.

134 3541 273 3628 Perlege
297 3538 448 3606 Maeonio
472 3540 622 3604 cantatas
645 3537 786 3603 carmine
810 3557 907 3602 ranas

181 3631 227 3696 Et
250 3630 393 3696 frontem
416 3627 512 3715 nugis
537 3626 663 3693 solvere
687 3625 772 3692 disca
796 3626 886 3692 meis.

737 3743 739 3748 '
891 3723 944 3782 22·
