2528 4038
199 215 264 280 124
331 271 333 274 .
526 215 564 276 tt
582 213 664 272 vot.
684 211 885 271 maurinus

630 375 780 444 LXVIII.

241 481 366 550 Arctoa
388 483 428 550 do
452 487 549 571 gente
572 505 700 552 comem
722 483 798 568 tibi,
821 482 953 566 Lesbis,
977 482 1068 568 misi,

285 570 333 638 Ut
356 574 471 658 scires,
494 578 617 658 quanto
641 572 685 638 sit
707 577 764 638 tua
786 571 873 640 flavo
895 571 1013 660 magis.

648 711 763 778 LXIX.

116 861 127 868 -
240 819 368 886 Antoni
390 819 511 886 Phario
534 818 582 884 nil
605 817 770 884 obiecture
792 815 936 886 Pothino

284 907 330 974 Et
352 907 456 976 levius
479 907 607 993 tabula,
631 929 729 994 quam
753 903 908 974 Cicerone
931 929 1066 973 nocens:

241 995 326 1076 Quid
349 997 495 1086 gladium
518 996 649 1061 demens
673 995 822 1061 Romana
846 997 983 1084 stringis
1006 997 1042 1061 in
1066 995 1146 1062 ora?

284 1086 358 1152 Hoo
381 1085 567 1151 admisisset
589 1107 650 1152 neo
673 1082 818 1151 Catilina
839 1083 942 1151 nefas.

214 1174 364 1260 olmpius
387 1173 521 1240 infando
546 1173 641 1240 miles
663 1174 883 1258 corrumpitur
905 1195 999 1260 auro,

286 1263 332 1329 Et
354 1263 457 1328 tantis
481 1262 598 1348 opibus
621 1283 684 1328 uox
707 1267 796 1328 tooot
818 1283 885 1328 una
908 1263 977 1328 ribi.

242 1351 328 1430 Quid
350 1355 488 1438 prosunt
511 1373 623 1418 saurae
646 1351 792 1436 pretioso
815 1351 947 1418 silentia
969 1351 1125 1438 linguae?

285 1439 449 1528 Incipient
471 1461 584 1506 omnes
607 1462 667 1525 pro
691 1438 845 1506 Cicerone
867 1440 967 1526 loqui.

215 1731 219 1736 ·
240 1703 389 1772 Infusum
412 1705 477 1772 sibi
498 1725 602 1791 nuper
625 1727 645 1770 a
668 1711 806 1790 patrono

240 1793 392 1880 Plenum,
414 1793 570 1878 Maxime,
593 1794 714 1860 centies
737 1792 885 1879 Syriscus

241 1882 281 1950 In
304 1883 477 1950 sellariolis
500 1903 604 1968 vagus
626 1882 757 1970 popinis

242 1969 337 2038 Oiroa
359 1971 477 2038 balnea
500 1974 656 2058 quattuor
678 1971 814 2057 peregit.
892 1973 895 1979 ’

128 2128 130 2131 ,
215 2059 270 2127 50
295 2064 419 2145 quanta
442 2063 492 2126 est
516 2059 608 2146 gula,
630 2059 751 2126 centies
774 2062 933 2126 comesse!

242 2148 372 2228 Quanto
396 2149 501 2215 maior
523 2147 642 2232 adhue,
663 2171 723 2214 neo
746 2149 917 2216 aueubarsl

646 2305 761 2374 LXXI.

242 2413 361 2483 Umida
385 2437 450 2499 qua
472 2414 595 2501 gelidas
619 2413 784 2480 submittit
806 2413 946 2482 Trebula
969 2417 1073 2484 valles

286 2503 333 2570 Iit
354 2503 468 2571 uiridis
492 2504 598 2570 canori
621 2503 787 2570 mensibus
811 2506 900 2590 alget
922 2525 1014 2592 ager,

241 2593 333 2658 Rura
356 2590 516 2660 Cleonaeo
539 2613 706 2677 nunquam
730 2597 889 2658 temerata
912 2595 1005 2660 leona

285 2681 332 2750 Et
355 2681 469 2747 domus
492 2679 608 2746 Aeolio
633 2702 760 2768 semper
783 2681 888 2748 amica
911 2679 1014 2767 Noto,

215 2767 302 2854 oTe,
324 2769 492 2854 Faustino,
514 2774 644 2835 vocant:
667 2770 784 2855 longas
807 2769 859 2835 his
884 2771 975 2858 exige
999 2794 1124 2841 messes

283 2858 447 2944 ¹Collibus,
469 2858 642 2924 hibernum
666 2860 731 2924 iam
755 2859 816 2924 tibi
839 2859 940 2926 Tibur
963 2861 1034 2928 erit.

638 3017 771 3085 LXXII.

241 3123 303 3201 Qui
325 3124 434 3210 potuit
456 3121 578 3190 Baoohi
602 3129 740 3192 matrem
764 3125 884 3192 dixisse
908 3127 1105 3215 Tonantem,

120 3211 123 3218 ’
284 3212 344 3279 Ille
367 3217 477 3298 potest
499 3211 649 3280 Semelen
672 3215 791 3296 disere,
814 3215 912 3301 Rufe,
935 3221 1072 3302 patrem.
1096 3245 1097 3248 ¹

492 3371 496 3376 ’
629 3373 779 3442 LXXIII.

236 3477 316 3544 Non
339 3479 456 3544 donem
478 3479 541 3544 tibi
564 3503 621 3547 our
643 3504 733 3550 meos
757 3483 887 3549 libellos

239 3564 357 3632 'Oranti
379 3567 501 3634 totiens
524 3573 558 3634 et
581 3571 738 3658 exigenti,
839 3613 840 3616 κ
