2596 4034
384 213 681 296 nercnarmmou
702 237 768 296 ua
788 239 835 295 ιιι
1048 239 1113 307 217

6 383 10 464 l
110 401 220 468 sTam
245 423 344 488 grave
369 401 532 488 percussis
556 402 728 468 incudibus
752 423 828 468 aera
851 403 1029 489 resultant,

183 490 390 558 Causidicum
414 491 520 557 medio
545 513 619 558 cum
642 492 735 558 faber
759 495 853 577 aptat
877 513 973 578 equ03

139 579 252 646 Mitior
276 581 310 646 in
334 601 454 666 magno
479 581 602 646 elamor
625 580 707 646 furit
731 580 989 668 amphitheatro,

184 669 339 735 Vincenti
362 690 494 754 parmae
517 691 591 736 cum
615 691 674 736 sua
696 671 795 736 turba
817 670 916 738 favet.

4 815 6 836 ,
137 755 248 823 Vicini
273 779 424 824 somnum
442 793 486 806 -
504 777 570 824 non
593 763 666 824 tota
688 764 783 826 nocte
808 793 843 808 -·
863 781 1032 847 rogamus:

4 891 7 920 ,
93 862 127 911 10
183 845 271 912 Nam
294 847 432 932 vigilans
455 847 527 913 leve
551 851 612 932 est,
636 848 835 935 pervigilare
859 869 958 938 grave
982 853 1042 917 est.
1116 847 1118 852 ’

5 945 9 1002 ‘.
140 933 329 1020 Discipulos
353 936 481 1001 dimitte
504 941 590 1002 tuos.
628 937 701 1022 Vis,
725 938 869 1023 garrule,
893 941 1050 1023 quantum

184 1023 316 1111 Accipis
340 1029 377 1090 ut
400 1025 536 1109 clames,
559 1025 705 1112 accipere
728 1030 766 1092 ut
788 1027 922 1093 taceas?

547 1217 663 1288 axlx„

141 1323 223 1391 Cum
247 1324 364 1409 futuis,
387 1325 616 1412 Polycharme‚
641 1329 727 1394 soles
750 1329 785 1394 in
807 1329 871 1396 fine
895 1351 1016 1396 eaeare.

186 1412 274 1482 Cum·
290 1415 486 1502 paedicaris,
510 1415 601 1502 quid,
626 1416 855 1505 Polycharme,
877 1417 981 1485 facis?

560 1609 660 1678 LXX.

140 1715 277 1782 Dixerat
299 1738 338 1802 „0
362 1717 484 1783 mores!
507 1738 527 1782 o
551 1719 734 1802 temporo!“
771 1719 898 1786 Tullius
922 1720 1015 1804 olim,

4 1873 11 1896 ,
186 1804 389 1891 Sacrilegum
413 1810 554 1872 strueret
576 1829 650 1872 cum
674 1806 818 1873 Catilina
840 1808 945 1894 nefas,

1 1932 5 1984 ι
142 1892 225 1978 Cum
250 1915 350 1981 gener
374 1898 472 1982 atque
496 1917 588 1962 soeer
612 1896 691 1962 diris
715 1902 920 1964 concurreret
942 1897 1041 1964 armis

185 1981 376 2068 Maestaque
401 1983 489 2051 eivili
508 1984 610 2050 caede
633 1983 779 2051 maderet
802 1985 928 2052 humus

114 2069 207 2138 sCur
229 2094 314 2138 nunc
336 2095 376 2155 „o
396 2073 544 2158 mores!“,
568 2095 626 2140 cur
643 2095 729 2141 nunc
752 2096 790 2157 „o
810 2074 993 2160 temporal“
1011 2073 1113 2143 dieis?

186 2159 279 2237 Quod
302 2161 364 2226 tibi
387 2183 454 2227 non
477 2162 619 2245 placeat,
642 2161 839 2247 Caeciliane,
862 2163 940 2252 quid
964 2163 1036 2229 est?

142 2247 243 2314 Nulla
267 2249 383 2315 ducum
406 2249 530 2334 feritas,
553 2250 646 2316 nulla
669 2255 720 2316 est
741 2251 870 2317 insania
892 2250 985 2338 ferri3

185 2335 269 2404 Pace
292 2338 358 2404 frui
382 2343 472 2404 certa
495 2339 688 2424 laetitiaque
711 2339 797 2406 licet.

1 2489 3 2508 ζ
140 2424 216 2492 Νοιι
238 2427 345 2492 nostri
367 2426 506 2508 faciunt,
529 2427 592 2492 tibi
614 2427 700 2512 quod
719 2432 776 2494 tua
798 2432 948 2516 tempora
967 2428 1114 2514 sordent,

1 2511 2 2546 ³
97 2531 129 2581 ιο
186 2513 250 2588 sed
273 2515 399 2583 faciunt
422 2537 542 2602 mores,
566 2514 762 2602 Caeciliana,
785 2518 843 2585 tui.

549 2691 664 2758 LXXI.

140 2797 280 2884 Massyli
302 2800 354 2865 leo
377 2798 467 2866 lama
489 2799 559 2886 iugi
582 2798 774 2886 pecorisque
797 2801 935 2867 maritus

185 2887 339 2974 Lanigeri
362 2889 481 2954 mirum
505 2909 571 2976 qua
593 2889 698 2954 coiere
721 2887 793 2954 fide.

139 2975 214 3063 Ipse
237 2977 315 3044 licet
336 2977 462 3063 videas,
485 2999 584 3044 cavea
607 2976 818 3043 stabulantur
839 2976 874 3042 in
896 2999 962 3045 una

1 3121 2 3149 ,
184 3065 231 3132 Et
253 3066 378 3152 pariter
401 3067 507 3134 socias
531 3067 638 3152 carpit
660 3069 797 3150 uterque
821 3065 933 3151 dapes:

112 3151 208 3222 sNec
230 3155 301 3222 fetu
324 3177 494 3222 nemorum
518 3157 662 3244 gaudent
685 3175 744 3220 nec
768 3153 904 3221 mitibus
926 3155 1051 3244 herbis,

114 3311 117 3316 .
185 3243 386 3312 Concordem
410 3246 512 3311 satiat
535 3245 591 3311 sed
615 3243 704 3310 rudis
729 3263 815 3328 agna
837 3243 967 3311 famem.
1153 3309 1156 3315 .

140 3333 225 3409 Quid
249 3335 370 3400 meruit
392 3338 499 3400 terror
521 3333 675 3418 Nemees,
699 3331 776 3418 quid
798 3333 940 3417 portitor
962 3333 1091 3416 Helles,

184 3419 231 3488 Ut
253 3425 381 3489 niteant
404 3423 484 3489 celsi
507 3423 616 3488 lucida
640 3423 736 3510 signa
758 3421 848 3506 poli?

139 3507 252 3578 Sidera
275 3512 303 3578 si
326 3515 464 3598 possent
486 3511 689 3597 pecudesque
712 3511 865 3596 feraeque
888 3513 1019 3598 mereri,

93 3617 129 3666 ιο
184 3598 249 3667 Hic
271 3599 356 3666 aries
380 3601 493 3686 astriS,
516 3600 570 3667 hie
593 3601 646 3666 leo
670 3599 788 3687 dignus
812 3603 893 3666 erat.
