2596 4034
346 167 646 226 EPIGRAMMAPON
663 168 730 226 LIB.
750 170 798 227 IX.
1020 173 1084 240 209

104 329 227 398 Omnia
250 333 451 418 perdiderat,
475 334 504 400 si
527 334 752 402 masturbatus
776 337 913 422 uterque

153 421 344 488 Mandasset
368 423 520 488 manibus
545 423 666 510 gaudia
688 423 785 492 foeda
808 423 885 490 suis.

105 509 219 594 Ipsam
244 511 338 578 crede
361 512 424 578 tibi
447 517 601 579 naturam
625 513 730 580 dicere
754 535 876 580 rerum:

64 613 94 662 ιο
151 599 265 686 „Istud
289 601 376 687 quod
400 601 525 689 digitis,
544 601 693 688 Pontice,
716 603 839 689 perdis,
864 603 963 716 herpo
989 603 1067 670 est.“

106 829 244 918 Campis
268 831 358 899 dives
381 832 503 918 Apollo
522 833 574 899 sic
596 831 747 918 Myrinis,

107 918 163 986 Sic
189 943 317 1006 semper
341 922 473 987 senibus
497 921 606 994 fruare
630 922 758 1009 cygnis,

106 1009 237 1076 Doctae
261 1012 307 1076 sic
331 1009 394 1075 tibi
417 1010 562 1076 serviant
585 1032 727 1097 sorores,

105 1097 179 1165 Nec
202 1097 341 1183 Delphis
366 1103 424 1166 tua
448 1099 625 1166 mentiatur
647 1099 741 1186 ulli„
778 1127 779 1130 ¹

78 1185 164 1252 sSic
188 1187 318 1254 Palatia
340 1193 373 1254 te
397 1187 507 1254 colant
531 1191 719 1274 amentque:

105 1276 167 1341 Bis
193 1298 289 1342 senos
313 1277 379 1343 cito
403 1281 436 1342 te
459 1281 598 1364 rogante
622 1278 726 1346 fasces

106 1365 177 1430 Det
200 1363 323 1432 Stellae
346 1365 452 1432 bonus
476 1370 663 1452 annuatque
687 1365 816 1436 Caesar.
853 1439 856 1444 .

107 1453 202 1518 Felix
225 1459 303 1522 tunc
327 1476 389 1542 ego
413 1455 603 1541 debitorque
626 1457 697 1522 reti

108 1541 273 1610 Casurum
296 1545 359 1610 tibi
382 1545 524 1610 rusticas
548 1545 590 1610 ad
613 1565 687 1630 eras

69 1632 238 1698 roDucam
262 1633 415 1700 cornibus
439 1634 547 1698 aureis
571 1633 752 1700 iuvencum.
899 1693 902 1700 .

110 1719 200 1786 Nata
224 1727 274 1788 est
297 1723 419 1808 hostia,
442 1721 588 1807 Phoebe;
613 1721 690 1808 quid
713 1720 874 1788 moraris?

130 1892 141 1942 ι
211 1877 213 1884 ·
431 1873 432 1876 ¹
516 1861 634 1929 ruur

112 1960 174 2033 Hic
198 1963 253 2048 qui
277 1961 358 2027 dura
381 1960 496 2027 sedens
519 1963 670 2046 porrecto
696 1982 774 2025 saxa
797 1960 890 2026 leone

105 2125 107 2130 ,
156 2050 303 2138 Mitigat,
327 2049 444 2138 exiguo
469 2070 606 2136 magnus
629 2047 665 2114 in
688 2069 762 2114 aere
786 2048 878 2134 deus,

102 2131 381 2225 'Quaequctulit,
405 2143 534 2224 spectat
557 2135 709 2222 resupino
734 2137 841 2203 sidere
864 2137 970 2218 vultu,

157 2227 257 2295 Cuius
281 2229 376 2294 laeva
398 2229 484 2294 calet
507 2227 638 2312 robore,
661 2226 775 2291 dextra
798 2248 901 2294 mero:

88 2315 188 2383 5Non
211 2321 262 2383 est
285 2317 373 2382 fama
396 2339 509 2384 recens
532 2337 591 2381 nec
614 2313 718 2382 nostri
742 2315 850 2402 gloria
872 2315 969 2402 ceeli;
998 2368 1000 2372 s

130 2457 131 2460 ,
158 2406 277 2472 Nobile
301 2406 438 2492 Lysippi
461 2421 749 2490 munus'opusque
771 2403 869 2471 rides.

114 2494 185 2562 Hoc
205 2495 323 2562 habuit
345 2517 466 2562 numen
490 2493 612 2560 Pellaei
635 2515 750 2558 mense
772 2494 917 2580 tyranni,

126 2591 128 2594 ’
158 2583 219 2662 Qui
242 2586 308 2652 cito
332 2585 515 2669 perdomito
539 2583 701 2650 victorin
725 2581 803 2648 orbe
826 2582 924 2668 iacct;
967 2586 969 2589 ’

114 2672 207 2740 Hunc
230 2696 311 2760 puer
334 2674 375 2738 ad
397 2672 537 2757 Libycas
560 2674 726 2738 iuraverat
747 2670 914 2737 Hannibal
938 2693 1025 2758 eras;

74 2781 106 2828 ro
132 2803 134 2806 f
156 2763 303 2828 Iusserat
325 2761 380 2828 hic
403 2759 530 2828 Sullam
553 2782 673 2846 ponere
696 2781 797 2844 regna
820 2763 954 2830 trucem.

115 2850 263 2918 Offensus
286 2851 397 2918 variae
420 2850 556 2916 tumidis
580 2849 760 2914 terroribus
785 2849 879 2915 aulae

157 2941 308 3007 Privatos
333 2939 454 3028 gaudet
477 2961 562 3005 nunc
585 2937 735 3004 habitare
758 2936 857 3024 lares,

22 3081 23 3112 ,
115 3027 222 3115 thue
245 3031 309 3095 fuit
332 3030 497 3115 quondam
520 3027 641 3114 placidi
664 3027 800 3092 conviva
822 3025 999 3114 Molorchi,

22 3127 50 3173 ἒ.
158 3117 211 3186 Sic
233 3119 338 3186 voluit
362 3119 449 3186 docti
471 3117 620 3185 Vindicis
645 3137 715 3182 esse
739 3116 826 3182 deus.
945 3164 948 3170 ,
1013 3179 1016 3186 .

300 3285 302 3291 ’
393 3320 395 3323 .
518 3258 634 3326 XLIV.

117 3357 243 3425 Alcides
267 3359 365 3426 modo
389 3357 560 3426 Vindicem
583 3356 742 3446 rogabam
835 3331 837 3337 Ι
868 3327 871 3330 .

116 3445 210 3512 Esset
233 3449 324 3513 cuius
349 3469 430 3532 opus
454 3448 612 3535 laborque
635 3446 723 3513 felix.
849 3491 852 3496 -
875 3521 877 3526 s

117 3535 212 3623 Risit,
235 3559 312 3603 nam
335 3539 421 3604 solet
444 3537 520 3624 hoc,
544 3538 676 3626 levique¹
694 3537 778 3602 nutu
808 3617 812 3623 Ι

124 3650 201 3698 Mur.
591 3640 595 3646 ’
838 3644 876 3694 u*
