2596 4032
165 177 233 244 296
497 177 535 236 Μ,
554 177 639 234 vat.
656 174 857 232 Mnerlsms
950 265 954 272 .

195 338 286 427 ,Non
308 341 415 406 aliena
437 341 540 425 videt,
563 339 620 408 sed
642 343 732 406 amat
754 337 953 425 Proserpina
975 341 1102 424 raptas:
1217 341 1219 344 ’

253 428 322 498 Iste
344 430 407 496 tibi
430 429 597 498 dominam
620 428 809 496 conciliabit
831 445 933 495 amor.

632 559 719 627 LlH.

210 649 347 717 Nummi
369 673 442 719 cum
465 652 528 718 tibi
551 651 618 716 sint
641 671 784 736 opesque
807 653 935 735 tantae,

211 738 357 817 Quantas
380 741 460 807 civis
483 741 597 824 habet,
621 737 774 824 Paterae,
796 761 905 826 rarus,

211 828 355 916 Largiris
377 830 461 896 nihil
484 829 680 914 incubasque
704 849 817 916 gazae,

129 918 133 924 ’
210 915 259 984 Ut
281 939 418 1006 magnus
442 919 553 1002 draco,
577 939 673 1002 quem
696 921 818 982 canunt
839 919 958 1003 poetae
1061 919 1063 922 ’

185 1004 390 1072 oOustodem
413 1007 556 1093 Scythici
580 1005 681 1071 fuisse
704 1005 778 1071 luci.
1028 1077 1035 1082 ,

213 1092 276 1160 Sed
299 1116 409 1181 causa,
431 1101 469 1161 ut
491 1117 653 1160 memoras
677 1097 710 1158 et
733 1093 804 1179 ipse
827 1093 946 1178 iactas,

211 1182 310 1248 Dirae
333 1183 420 1250 filius
444 1189 495 1249 est
517 1182 717 1268 rapacitatis.

211 1271 338 1356 Ecquid
361 1276 398 1337 tu
419 1272 530 1338 fatuos
553 1273 712 1358 rudesque
735 1270 880 1356 quaeris,

211 1357 337 1426 Illudas
361 1361 478 1446 quibus
502 1361 692 1447 auferasque
715 1359 880 1426 mentem?

169 1464 202 1514 10
211 1447 297 1514 Huic
320 1469 448 1535 semper
470 1449 551 1516 vitio
573 1455 668 1536 pater
689 1448 792 1518 fuisti.

213 1665 311 1735 Crine
333 1669 443 1754 ruber,
467 1671 561 1756 niger
584 1555 780 1755 agileis
803 1669 898 1756 pede,
920 1669 1043 1736 lumine
1061 1670 1196 1760 laesus,

256 1756 339 1824 Rem
363 1780 517 1846 magnam
540 1763 699 1844 praestas,
724 1758 827 1845 Zoile,
851 1760 880 1824 si
902 1759 1007 1826 bonus
1031 1781 1075 1826 es.
1186 1793 1193 1828 ,ι

418 1941 420 1943 ,
644 1890 710 1958 ΙΝ,
727 1871 753 1948 e!

213 1977 325 2046 Gratis
349 1979 404 2066 qui
428 1979 504 2046 dare
527 2003 585 2047 vos
608 1980 712 2062 iubet,
734 1981 876 2068 puellae,
947 2011 949 2016 ⁴
1091 2051 1094 2054 ,
1148 2011 1161 2062 q

212 2067 454 2136 Insulsissimus
477 2069 802 2156 improbissimusque
826 2075 884 2137 est.
1004 2075 1005 2078 ’

214 2155 326 2225 Gratis
347 2179 389 2223 ne
412 2158 501 2243 date,
524 2159 650 2224 basiate
674 2160 787 2244 gratis.

212 2244 286 2313 Hoc
308 2245 413 2331 Aegle
435 2251 549 2331 negat,
572 2247 635 2312 hoc
658 2269 756 2312 arara
779 2247 898 2313 rendit.

187 2332 292 2416 o[Sed
314 2335 447 2401 vendat:
470 2336 552 2400 bene
574 2335 702 2400 basiare
725 2341 882 2420 quantum
906 2335 978 2403 cst?

213 2421 285 2490 Hoc
307 2423 419 2488 vendit
442 2445 570 2508 quoque
593 2445 652 2488 nec
674 2424 738 2489 lavi
760 2426 902 2510 rapinaz]
1073 2439 1074 2442 ’

215 2511 283 2578 Aut
305 2511 424 2576 libram
446 2513 531 2597 petit
553 2512 612 2578 illa
635 2510 814 2599 Cosmiani,

203 2599 284 2666 auc
304 2600 401 2666 binos
425 2603 542 2684 quater
564 2623 583 2666 a
605 2622 691 2667 nova
714 2606 858 2684 moneta,

213 2687 265 2755 Ne
288 2688 356 2755 sint
378 2688 471 2754 basia
494 2693 585 2754 muta
606 2711 666 2756 nec
688 2691 846 2776 maligna,

171 2776 283 2844 1oNec
306 2777 406 2844 clusis
430 2777 554 2843 aditum
576 2782 675 2865 neget
697 2779 834 2847 labellis.

214 2864 365 2932 Humane
388 2869 499 2931 tamen
521 2866 583 2932 hoc
606 2867 699 2954 facit,
723 2869 780 2933 sed
801 2892 917 2956 unum,

215 2954 327 3022 Gratis
350 2977 433 3040 quae
457 2956 533 3020 dare
556 2955 686 3020 basium
708 2961 837 3023 recusat

215 3043 326 3112 Gratis
349 3043 473 3130 lingere
494 3066 554 3110 nec
576 3048 719 3131 recusat,
743 3047 856 3133 Aegle

214 3266 387 3352 Aegrotas.
403 3287 467 3332 uno
492 3265 596 3332 decies
620 3272 678 3333 ant
701 3269 830 3352 saepius
854 3291 952 3354 anne,

259 3356 327 3422 Nec
350 3355 426 3439 tibi,
449 3355 506 3420 sed
528 3357 625 3422 nobis
647 3356 724 3443 hoc,
746 3357 972 3444 Polycharmo,
995 3361 1107 3424 nocet:

213 3443 301 3510 Nam
325 3445 476 3530 quotiens
501 3446 623 3532 surgis,
647 3449 769 3514 soteria
791 3449 899 3533 poscis
922 3448 1053 3514 amicos,

260 3531 311 3599 Sit
333 3533 452 3619 pudor:
476 3540 613 3618 aegrota
635 3536 715 3622 iam,
738 3537 965 3624 Polycharme,
989 3536 1099 3602 semel.
