2610 4048
203 220 256 294 '30
410 235 413 242 ·
542 228 580 286 u
600 202 683 288 um..
702 227 903 288 usuumls

645 391 791 458 LXXIX.

256 494 392 582 Semper
415 498 486 586 agis
510 519 624 566 causas
648 503 681 564 et
704 519 756 564 res
780 497 866 584 agis,
889 495 1016 583 Attalo,
1040 519 1190 584 semper:

300 585 377 672 Est,
398 609 465 654 non
488 593 539 654 cst
563 585 648 674 quod
672 607 766 671 agas,
791 587 919 669 Attalo,
944 608 1072 673 semper
1096 588 1185 676 agis.

257 670 293 739 Si
316 694 368 740 ras
391 679 425 741 et
448 697 562 742 causac
586 677 716 760 desunt,
739 674 826 762 agis,
849 675 975 760 Attalo,
999 675 1114 742 mulas.

299 760 425 850 Attalo,
447 787 488 851 nc
512 765 599 852 quod
622 785 702 852 agas
726 763 824 850 desit,
848 785 929 852 agas
953 764 1105 832 animam.
1187 780 1192 790 ·

650 921 781 991 LXXX.
899 961 901 964 -

256 993 425 1114 Sportula,
448 1027 549 1116 Cane,
572 1030 633 1096 tibi
657 1051 809 1116 suprema
830 1033 927 1096 nocto
950 1031 1055 1118 petita
1077 1034 1137 1096 cst.
1235 1019 1236 1022 ¹

300 1115 434 1220 Occidit
447 1123 528 1204 puto
552 1123 599 1204 tc,
622 1117 722 1199 (lanc,
747 1119 833 1205 quod
855 1141 921 1186 una
942 1119 1015 1187 fuit
1103 1212 1107 1216 ⁴

254 1384 286 1450 A
310 1406 403 1452 servo
427 1386 489 1452 scis
512 1390 545 1454 tc
569 1277 920 1473 gemIffiandcqua
943 1384 1069 1469 lateris,

119 1533 123 1539 .
263 1505 264 1508 ¹
301 1471 383 1542 Cum
406 1474 486 1542 dicis
510 1475 691 1560 dominum,
715 1473 901 1558 Sosibium,
922 1479 1058 1560 patrem.

635 1633 797 1703 LXXXII.

253 1737 344 1806 Haec
367 1749 450 1825 quac
472 1741 605 1826 pulvere
628 1741 788 1825 dissipata
811 1740 915 1806 multo

254 1827 386 1914 Longas
409 1830 555 1914 porticus
579 1830 719 1914 explicat
741 1830 867 1916 ruinas,
911 1873 915 1878 -
1187 1837 1195 1872 ¹

253 1915 307 1982 lon
330 1921 453 2002 quanto
475 1917 561 1983 iacet
584 1918 736 1984 absoluta
759 1939 844 1984 casu.
1219 1980 1222 1984 ,

253 2003 363 2071 Tectis
384 2026 462 2082 nam
485 2006 581 2072 modo
605 2006 749 2092 Regulus
773 2007 834 2072 sub
857 2005 932 2071 illis·
1150 2053 1162 2104 χ

228 2091 412 2160 oGestatus
435 2093 543 2160 iuerat
564 2099 821 2180 recesseratqua:

146 2199 148 2203 ·
254 2179 353 2248 Vlcta
376 2186 427 2248 cst
449 2183 591 2268 pondere
615 2205 687 2249 cum
712 2206 769 2249 suo
793 2185 939 2270 repento,

242 2269 301 2337 Ec
322 2275 498 2356 postquam
522 2271 652 2338 domino
675 2272 759 2337 nihil
782 2271 934 2356 timebat,

255 2356 374 2426 Securo
397 2361 464 2425 ruit
485 2359 655 2427 incruenta
678 2360 806 2426 damno.
950 2439 953 2444 ,
988 2439 989 2442 Ἴ

253 2446 393 2533 Tantae,
415 2449 555 2535 Regulo,
577 2453 655 2534 post
678 2455 802 2514 metum
826 2447 989 2534 querellae

211 2552 244 2602 ιο
256 2535 336 2614 Quis
360 2559 471 2602 curam
493 2545 593 2624 neget
615 2559 685 2604 csse
708 2542 741 2602 te
766 2537 912 2618 deorum,
1023 2553 1025 2557 ·

252 2623 392 2712 Propter
415 2647 510 2712 quem
533 2625 597 2692 fuit
620 2627 775 2692 innocens
797 2625 913 2690 ruina?

625 2784 804 2852 LXXXIII.

254 2887 299 2956 Os
322 2894 356 2956 st
377 2890 472 2956 labra
493 2892 556 2957 tibi
578 2891 689 2978 lingit,
713 2889 855 2976 Mancia,
879 2891 1027 2958 catellus:

297 2977 375 3045 Non
396 2980 512 3065 miror,
534 2979 661 3046 merdas
686 2980 714 3044 si
736 2980 819 3046 libet
842 3001 912 3046 esse
935 2981 1015 3046 cani.
1063 3045 1064 3048 ,
1100 3042 1102 3047 .

625 3110 803 3187 LXXXIV.

251 3226 395 3311 Uxorem
417 3228 601 3294 habendam
624 3250 691 3294 non
713 3233 810 3316 putat
834 3227 1026 3314 Quirinalis,

252 3313 335 3382 (lum
357 3317 438 3383 velit
460 3318 582 3384 habero
604 3318 704 3398 filios,
728 3321 761 3382 et
783 3317 908 3383 invenit

252 3404 324 3483 Quo
346 3407 453 3491 possit
475 3407 564 3473 istud
587 3429 693 3474 moro:
716 3405 818 3472 futuit
841 3407 976 3472 ancillas
1070 3446 1072 3448 ν

250 3492 457 3579 Domumque
480 3502 513 3562 ct
536 3516 633 3581 agros
656 3496 772 3580 implet
796 3495 959 3581 equitibus
983 3494 1102 3561 vernis.
1207 3506 1208 3509 ’

225 3581 357 3664 5Pator¹
370 3582 516 3650 familiae
538 3607 634 3651 varus
658 3589 708 3650 cst
733 3583 918 3662 Quirinalis.
