2596 4034
392 268 691 326 nsrcanuumou
710 269 778 325 urs.
797 270 830 326 x.
880 353 883 358 Α
997 347 1001 356 ,
1057 271 1124 337 235

555 431 674 499 XXXI.

148 519 285 586 Addixti
308 543 438 586 servum
461 523 604 587 nummis
629 523 705 588 here
729 523 819 588 mille
844 521 1005 609 ducentis,
1053 561 1059 568 ·

194 609 240 676 Ut
262 611 345 676 bene
368 632 515 694 cencres,
539 610 738 697 Calliodore,
762 613 872 678 semol.
936 661 950 718 Ἰ

148 697 218 764 Nec
240 699 323 764 bene
347 699 486 766 cenasti:
510 703 629 766 mullus
653 701 714 766 tibi
739 705 895 788 quattuor
918 704 1047 788 emptus

193 786 369 854 Librarum
392 811 489 856 cenae
514 812 632 882 pompa
656 797 816 875 caputque
839 790 912 856 fuit.
998 852 999 856 ,

122 876 343 942 aExclamare
367 877 462 943 libet:
486 877 581 960 „Non
604 879 743 964 esthic,
765 879 929 963 improbe,
951 899 1019 943 nou
1041 884 1094 944 est

193 964 310 1032 Piscis:
334 966 433 1032 homo
457 973 520 1050 est3
544 967 726 1052 hominem,
748 966 947 1052 Calliodore,
970 967 1107 1035 comcs.“

431 1078 434 1084 ’
546 1073 682 1140 XXXII.

149 1159 240 1228 Haec
263 1161 345 1226 mihi
369 1183 452 1248 quoe
476 1163 594 1227 colitur
618 1163 713 1228 violis
736 1163 866 1247 pictura
888 1162 1049 1248 rosisque,
1101 1231 1103 1244 ,

0 1295 1 1316 i
129 1287 132 1294 .
195 1250 283 1328 Quos
307 1251 429 1316 referat
452 1253 573 1333 vultus,
598 1252 803 1336 Caediciane,
826 1252 948 1338 rogas?

0 1353 1 1366 ¹
150 1339 239 1405 Talis
264 1344 335 1405 erat
357 1340 488 1407 Marcus
511 1341 626 1408 mediis
649 1342 811 1407 Antonius
836 1341 930 1406 armis

194 1428 337 1494 Primus:
360 1430 394 1496 in
418 1430 480 1496 hoc
502 1431 653 1496 iuvenem
677 1453 712 1496 sc
735 1430 823 1495 ridet
847 1444 903 1494 ore
926 1451 1034 1508 senex.
1101 1460 1104 1466 ·

0 1509 1 1590 ζ
124 1517 215 1583 ollrs
239 1519 366 1583 utinam
390 1541 497 1586 mores
522 1507 730 1604 animumdue
754 1519 910 1605 effingere
933 1519 1060 1606 possetl

194 1605 367 1673 Pulchrior
391 1607 426 1672 in
449 1608 545 1672 terris
568 1609 661 1674 nulla
676 1608 807 1673 ¹tabella
829 1607 924 1676 foret.

151 1809 339 1895 Simplicior
361 1811 491 1897 priscis,
514 1811 642 1876 Munati
666 1811 772 1890 Galle,
797 1809 962 1895 Sabinis,

151 1889 162 1940 ¹
196 1899 387 1984 Cecropium
413 1922 546 1986 superas
571 1902 626 1985 qui
649 1900 796 1964 bonitate
820 1921 944 1984 senem,

151 1986 204 2055 Sic
227 1989 290 2054 tibi
313 1989 480 2061 consoceri
504 1990 608 2054 claros
633 1988 772 2054 retinere
795 1990 931 2073 penates

120 2123 126 2158 ,
194 2078 363 2164 Perpetua
379 2081 477 2142 natac
501 2078 556 2142 det
578 2076 649 2142 face
672 2082 764 2142 casta
787 2075 913 2142 Venus:

0 2165 1 2168 ’
124 2165 198 2233 oUt
221 2171 271 2251 tu,
294 2168 322 2232 si
346 2167 442 2232 viridi
465 2169 586 2232 tinctos
611 2165 763 2252 aerugine
787 2187 899 2231 versus
941 2183 957 2199 ⁸

195 2254 293 2321 Forte
318 2256 424 2322 malus
448 2255 532 2320 livor
556 2255 674 2340 dixerit
697 2276 768 2320 csse
791 2275 895 2340 meos,

150 2343 196 2410 Ut
218 2345 313 2430 facia,
338 2368 357 2410 a
379 2344 475 2412 nobis
499 2344 626 2429 abigas,
648 2365 706 2408 nec
729 2343 870 2409 scribere
895 2367 1089 2431 quemquam
1177 2405 1179 2409 .

195 2433 290 2498 Talia
312 2433 491 2500 contendas
515 2434 673 2514 carmina,
697 2433 752 2517 qui
774 2433 903 2518 legitur.

150 2521 247 2588 Hunc
271 2545 401 2588 servare
424 2522 556 2588 modum
580 2521 687 2587 nostri
709 2543 828 2589 novere
852 2521 969 2608 libelli,

108 2629 158 2678 10,
196 2611 332 2678 Parcere
355 2612 519 2698 personis,
542 2611 647 2676 dicere
670 2610 709 2674 de
733 2611 831 2678 viriis.
895 2677 896 2681 ,

150 2815 194 2882 Ι)ἰ
217 2815 280 2882 tibi
303 2815 380 2882 dent
404 2815 574 2902 quidquid,
597 2813 717 2890 Caesar
739 2813 892 2895 Traiane,
915 2815 1050 2881 mereris

155 2965 156 2968 ,
196 2905 241 2970 Et
263 2908 336 2970 rata
359 2909 518 2992 perpetuo
542 2925 624 2990 quac
648 2903 790 2968 tribuere
814 2904 931 2969 velint:

152 2993 216 3071 Qui
239 3016 298 3059 sua
320 2995 468 3060 restituis
492 2994 634 3078 spoliato
658 2991 730 3056 iura
752 2995 892 3076 patrono

63 3121 69 3126 ·
198 3117 236 3130 -
257 3081 402 3149 Libertis
426 3083 501 3148 exul
523 3101 591 3147 non
613 3081 675 3146 erit
698 3080 755 3145 ille
779 3082 845 3146 suis
868 3117 923 3165 -,

124 3171 279 3258 suignus
303 3194 351 3255 es,
372 3177 413 3238 ut
436 3172 543 3256 possis
567 3175 675 3236 tutum
700 3191 829 3234 servare
853 3169 1017 3236 clientem:
1057 3189 1059 3192 ·

196 3259 243 3327 Ut
265 3296 303 3320 ‚—
324 3261 424 3326 liceat
447 3265 577 3327 tantum
599 3281 676 3324 vera
699 3259 839 3344 probare
857 3295 902 3307 -
920 3263 1023 3346 potes.

550 3364 683 3432 XXXV.

150 3455 270 3522 Omnes
296 3414 472 3541 Sulpiciam
496 3457 611 3544 legant
633 3453 777 3540 puellae,
821 3441 822 3444 ¹

150 3543 216 3612 Uni
241 3567 324 3630 quae
347 3546 482 3629 cupiunt
505 3548 576 3611 viro
600 3544 741 3631 placere,

150 3633 271 3700 Omnes
296 3633 476 3720 Sulpiciam
498 3636 612 3721 legant
635 3631 759 3715 mariti,
