2610 4048
396 243 696 302 EPIGRAMMATON
715 243 784 302 [ΑΒ.
803 243 837 302 ΙΙ.
1084 245 1126 312 41
1183 315 1185 322 ,

141 408 231 476 Esse
255 408 318 474 tibi
342 410 437 474 tanta
461 413 576 476 cautus
601 409 762 476 brevitate
785 406 928 474 videris?
951 397 954 404 Δ

192 496 257 563 Hai
280 496 375 582 mihi,
399 519 499 584 quam
523 498 638 565 multis
663 499 708 566 sia
732 519 861 584 quoque
884 497 1003 586 longus
1028 497 1106 564 erist

594 639 636 708 11.

144 743 249 812 Creta
272 745 361 811 dedit
384 767 555 834 magnum,
579 747 685 814 maius
709 747 799 814 dedit
821 745 936 815 Africa
958 769 1091 833 nomen,

194 831 304 917 Scipio
330 823 416 920 q‘uod
439 836 546 902 viator
570 837 723 922 quodque
747 835 899 902 Meteilus
922 836 1037 924 habet3

151 921 311 988 Nobilius
336 921 460 989 domito
483 925 603 990 tribuit
626 924 804 991 Germania
825 925 954 1009 Rheno,

194 1009 242 1096 Et
264 1033 345 1097 puer
368 1011 431 1078 hoa
455 1013 573 1100 dignus
596 1015 742 1099 nomine,
766 1011 899 1096 Caesar,
923 1035 1005 1080 aras.

113 1099 268 1169 tFrater
290 1097 464 1171 Idumaeos
488 1103 609 1168 meruit
631 1125 704 1170 cum
728 1107 822 1188 patra
845 1101 1043 1188 triumphos,

196 1188 288 1266 Quae
312 1187 410 1256 datur
435 1211 474 1256 ex
498 1188 629 1256 Chattis
653 1193 779 1275 laurea,
803 1194 876 1258 tota
899 1193 957 1256 tua
980 1194 1039 1256 est.

586 1331 646 1398 HI.

145 1436 265 1522 Sexte,
288 1435 374 1504 nihil
398 1437 511 1524 debes,
532 1439 580 1506 nil
604 1439 716 1522 daban,
740 1436 853 1524 Sexta,
875 1437 1026 1504 fatemur.

195 1523 304 1592 Debet
328 1527 430 1612 enim,
455 1527 483 1593 si
508 1527 582 1613 quis
606 1527 746 1612 solvere,
769 1525 880 1612 Sexta,
901 1531 1022 1614 potest

587 1668 646 1734 IV.

112 1805 114 1808 ·
144 1773 178 1840 Ο
205 1797 305 1860 quam
331 1773 472 1840 blandus
496 1797 546 1859 ea,
569 1775 756 1858 Ammiane,
779 1774 892 1840 matri!

145 1863 259 1939 Quam
282 1863 405 1928 blanda
429 1863 564 1928 esttibi
588 1869 706 1943 mater,
730 1863 917 1928 Ammiano!

144 1951 302 2018 Fratrem
322 1956 358 2018 ta
381 1957 480 2018 vocat
503 1957 536 2016 et
560 1973 654 2018 soror
677 1955 819 2018 vocatur.
923 2027 926 2034 ¹

147 2039 218 2106 Cur
240 2061 299 2106 vos
322 2041 456 2106 nomina
478 2041 637 2126 nequiora
659 2039 824 2126 tangunt?

114 2129 258 2206 tQuara
281 2151 350 2199 non
371 2129 464 2195 iuvat
487 2129 549 2196 hoa
573 2128 660 2215 quod
683 2129 762 2194 estis
787 2127 880 2194 ease?

153 2217 279 2284 Lusum
303 2217 436 2284 creditis
459 2217 522 2284 hoc
544 2217 736 2304 iocumque?
772 2215 848 2282 Non
870 2220 935 2282 est:

147 2305 306 2391 Matrem,
330 2329 412 2392 quae
436 2307 527 2391 cupit
550 2329 620 2372 essa
643 2327 678 2370 se
702 2325 861 2389 sororem,

148 2393 220 2461 Nec
244 2398 385 2469 matrem
407 2393 500 2462 iuvat
523 2417 595 2462 esse
617 2416 678 2461 nea
701 2415 856 2461 sororem.

600 2535 641 2604 V.

150 2641 202 2708 Ne
225 2644 369 2728 valeam,
393 2644 509 2710 sinon
533 2642 944 2728 tatia-Decianatiabus

195 2731 242 2798 Et
265 2738 374 2798 tecum
398 2734 478 2798 totis
502 2732 655 2798 noctibus
679 2753 749 2798 esse
773 2732 881 2798 velim.

154 2819 217 2887 Sed
241 2820 304 2887 duo
329 2825 407 2886 sunt
430 2843 514 2906 qnae
536 2842 597 2886 nos
622 2820 814 2907 disiungunt
837 2819 929 2886 milia
951 2841 1097 2906 passum:

198 2907 362 2986 Quattuor
384 2909 467 2976 haec
490 2910 588 2994 fiunt,
611 2931 684 2975 cum
707 2908 870 2974 rediturus
894 2930 976 2975 eam.

120 2997 260 3084 tSaepa
278 2998 366 3065 domi
388 3021 455 3066 non
475 3021 524 3082 aa,
546 3021 621 3065 aum
640 2999 685 3064 sia
705 3019 846 3084 quoque,
866 3017 962 3082 saepa
980 2995 1127 3083 negaris:

196 3086 259 3152 Vel
282 3090 414 3153 tantum
436 3087 542 3153 causis
566 3089 619 3152 vel
641 3087 704 3152 tibi
728 3096 823 3171 saep'e
848 3105 953 3152 vacas.

150 3175 198 3242 Ta
220 3180 332 3242 tamen
355 3181 393 3242 ut
415 3174 559 3261 videam,
582 3175 645 3242 duo
668 3176 759 3242 milia
781 3197 847 3242 non
871 3174 963 3260 piget
985 3173 1047 3240 ira:

196 3263 244 3330 Ut
267 3269 301 3330 ta
323 3286 389 3332 non
409 3265 551 3350 videam,
575 3268 732 3352 quattuor
753 3263 802 3330 ire
825 3265 926 3350 piget.

589 3405 637 3472 VI
688 3451 692 3460 ,

147 3510 166 3578 Ι
189 3532 290 3593 nune,
316 3511 409 3579 edera
432 3533 485 3578 ma
508 3511 584 3579 iube
607 3456 749 3578 [itellos.

147 3600 260 3667 Lectis
285 3600 341 3667 vix
362 3601 426 3668 tibi
448 3601 579 3689 paginis
603 3601 728 3668 duabus
