2610 4048
208 213 252 282 26
520 205 577 270 n.
594 213 679 273 vnn.
697 212 896 271 nnnnruns
988 196 995 274 ζ
1120 196 1122 200 ’

254 377 404 446 Gaudent
427 379 557 445 ioeosue
581 376 682 444 Canio
706 399 765 444 suo
789 375 909 461 Gades,
972 428 976 432 .

86 543 93 550 ,
211 484 244 536 10
298 467 447 534 Emerita
469 467 614 534 Deciano
637 489 724 533 meo:

253 556 312 638 Te,
335 555 515 641 Liciniene,
539 556 736 642 gloriabitur
758 556 872 621 nostre

299 643 369 712 Nee
391 667 443 712 me
466 645 589 711 tuoebit
612 643 752 710 Bilbilis.
873 705 875 708 ,

667 785 767 854 LXII.

254 891 354 960 Castu
377 915 437 960 neo
460 893 604 996 antiquis
628 894 742 960 cedens
765 892 909 959 Laeuino
932 889 1063 958 Sabinis

298 982 345 1048 Et
368 983 516 1068 quemvis
539 983 657 1048 tetrico
681 982 807 1048 tristior
829 981 903 1068 ipse
925 983 996 1047 viro
1084 1047 1085 1050 ,
1162 989 1166 997 ’

254 1069 341 1136 Dum
364 1071 462 1137 modo
484 1069 638 1155 Lucrino,
661 1071 757 1137 modo
782 1093 816 1136 se
839 1069 944 1156 permi
945 1069 1004 1135 tlit
1025 1067 1171 1152 Anemo,

172 1169 174 1174 '
230 1201 232 1204 -
298 1159 345 1224 ΕΞ
368 1159 443 1224 dnm
467 1157 601 1225 Baianis
625 1181 721 1246 saepe
744 1159 872 1226 fovetur
895 1159 1001 1246 aquis,

229 1245 406 1314 oInuidit
396 1271 431 1312 ιιι
453 1247 649 1314 flammas:
640 1271 713 1314 ruve
739 1269 853 1334 emque
877 1252 988 1313 secute
953 1247 1166 1313 trelioto

279 1334 445 1424 Coniuge
468 1336 629 1424 Penelope
652 1271 755 1420 venii,
779 1337 849 1402 ubit
871 1335 1005 1402 Helene.

600 1520 603 1527 -
657 1477 773 1543 LXHI.

252 1582 300 1650 Ut
322 1583 456 1651 recitem
478 1584 541 1650 tibi
564 1590 640 1652 nost
642 1608 678 1650 ra
701 1605 798 1671 rogas
813 1585 1071 1737 {epigrammate
1028 1582 1205 1652 ΞΝοΞο.
1302 1461 1303 1660 Ξ

199 1673 201 1676 ’
252 1671 375 1738 Νοιι
399 1673 524 1782 outline,
547 1671 653 1758 Celer,
677 1673 733 1738 sed
756 1673 894 1740 recitare
918 1675 1018 1759 cupis.

1302 1885 1303 2024 Ξ

1302 2005 1303 2148 Ξ

1302 2171 1303 2272 Ξ

656 1813 772 1880 LXIV.

253 1918 349 1986 Bella
372 1939 421 2006 es,
443 1921 606 2000 novimus,
630 1923 675 1985 et
685 1921 807 2005 puelle,
830 1941 943 1987 verum
966 1917 1030 2008 est,

252 2009 299 2075 Et
321 2010 424 2096 dives,
448 2010 520 2094 quis
545 2009 630 2074 enim
653 2031 696 2093 po
697 2013 763 2074 etst
785 2011 929 2096 negare?

255 2096 319 2163 Sed
342 2119 415 2163 oum
439 2101 472 2163 te
495 2098 646 2174 nimium,
669 2096 821 2182 Fabulla,
845 2099 973 2184 leudes,

252 2184 322 2252 Neo
346 2186 435 2252 dives
458 2207 562 2272 neque
586 2186 674 2250 bella
696 2208 755 2252 nee
777 2186 889 2272 puelle
911 2209 955 2254 es.

658 2325 763 2394 LXV.

253 2432 336 2506 Duru
359 2433 424 2500 dixi
447 2434 541 2517 fieus,
564 2429 650 2500 rides
673 2434 768 2519 quasi
791 2433 934 2500 barbare
957 2435 1057 2502 verbe

296 2521 344 2588 Iit
366 2522 431 2588 diei
452 2523 545 2606 fieus,
568 2521 764 2606 Oeeeiliene,
786 2522 888 2588 iubes.

239 2610 405 2676 'Dicemus
428 2611 521 2695 fieus,
545 2633 625 2696 quus
649 2612 768 2676 seimus
791 2611 827 2676 in
849 2613 966 2678 arbore
989 2612 1093 2698 nasei,

295 2698 448 2766 Dicemus
472 2701 564 2782 ficos,
587 2696 785 2784 Caeciliano,
808 2703 893 2768 tuos.

656 2839 772 2907 LXVI.

295 2948 412 3032 Erras,
435 2970 581 3014 meorum
604 2947 657 3014 fur
681 2971 776 3014 uvare
799 2948 973 3034 librorum,
1033 3025 1036 3032 ,

296 3035 383 3102 Fieri
406 3042 537 3122 poetam
560 3058 656 3120 posse
680 3037 736 3122 qui
758 3042 855 3122 putas
879 3041 987 3122 tanto,

298 3123 605 3211 Scripturequanti
628 3129 759 3190 consini
782 3129 815 3190 et
838 3130 947 3192 tomus
971 3126 1062 3192 vilis:

296 3212 373 3280 Non
396 3235 453 3280 sex
476 3217 611 3298 paratur
635 3219 692 3280 aut
715 3213 824 3279 decem
848 3215 1145 3300 sophos‘nummis.

173 3379 176 3383 .
207 3319 242 3368 *o
298 3300 430 3370 Secreta
454 3324 571 3387 quaere
595 3304 739 3368 earmina
762 3307 795 3368 et
817 3303 913 3370 rudes
937 3326 1045 3390 eures,

298 3391 386 3468 Ques
409 3391 502 3456 novit
525 3415 608 3456 unus
633 3393 814 3476 scrinioque
838 3391 986 3478 signatas

297 3478 450 3546 Custodit
473 3481 541 3566 ipse
565 3481 703 3567 virginis
727 3485 821 3564 pater
844 3481 991 3565 chartae,

299 3568 389 3647 Quae
412 3569 493 3635 trite
516 3569 596 3635 duro
620 3591 686 3636 non
707 3569 872 3636 inhorruit
894 3575 1014 3637 mento.
