<?xml version="1.0" encoding="UTF-8"?>
<!DOCTYPE html PUBLIC "-//W3C//DTD XHTML 1.0 Transitional//EN"
    "http://www.w3.org/TR/xhtml1/DTD/xhtml1-transitional.dtd">
<html xmlns="http://www.w3.org/1999/xhtml" xml:lang="en" lang="en">
 <head>
  <title>
</title>
<meta http-equiv="Content-Type" content="text/html;charset=utf-8" />
  <meta name='ocr-system' content='tesseract 3.04.00' />
  <meta name='ocr-capabilities' content='ocr_page ocr_carea ocr_par ocr_line ocrx_word'/>
</head>
<body>
  <div class='ocr_page' id='page_1' title='image "./epigrammatonlib03martgoog_0292.png"; bbox 0 0 2596 4034; ppageno 0'>
   <div class='ocr_carea' id='block_1_1' title="bbox 376 187 1128 284">
    <p class='ocr_par' dir='ltr' id='par_1_1' title="bbox 376 187 1128 284">
     <span class='ocr_line' id='line_1_1' title="bbox 376 187 1128 284; baseline 0.019 -13"><span class='ocrx_word' id='word_1_1' title='bbox 376 214 675 272; x_wconf 77' lang='lat' dir='ltr'><strong>aeranannmon</strong></span> <span class='ocrx_word' id='word_1_2' title='bbox 692 215 760 272; x_wconf 78' lang='lat' dir='ltr'><strong>ern.</strong></span> <span class='ocrx_word' id='word_1_3' title='bbox 780 215 814 272; x_wconf 89' lang='lat' dir='ltr'><strong>x.</strong></span> <span class='ocrx_word' id='word_1_4' title='bbox 931 197 935 205; x_wconf 80' lang='grc'><em>’</em></span> <span class='ocrx_word' id='word_1_5' title='bbox 1039 217 1104 284; x_wconf 82' lang='lat'><strong>251</strong></span> <span class='ocrx_word' id='word_1_6' title='bbox 1125 187 1128 193; x_wconf 51' lang='grc'><em>’</em></span> 
     </span>
    </p>
   </div>
   <div class='ocr_carea' id='block_1_2' title="bbox 101 379 995 557">
    <p class='ocr_par' dir='ltr' id='par_1_2' title="bbox 101 379 995 557">
     <span class='ocr_line' id='line_1_2' title="bbox 101 379 995 466; baseline -0.004 -16"><span class='ocrx_word' id='word_1_7' title='bbox 101 382 302 464; x_wconf 78' lang='lat' dir='ltr'><strong>olunonem,</strong></span> <span class='ocrx_word' id='word_1_8' title='bbox 325 379 500 466; x_wconf 77' lang='lat' dir='ltr'>Polyclito,</span> <span class='ocrx_word' id='word_1_9' title='bbox 523 401 617 445; x_wconf 87' lang='lat' dir='ltr'><strong>suam</strong></span> <span class='ocrx_word' id='word_1_10' title='bbox 639 379 704 445; x_wconf 88' lang='lat' dir='ltr'><strong>nisi</strong></span> <span class='ocrx_word' id='word_1_11' title='bbox 729 379 831 446; x_wconf 86' lang='lat' dir='ltr'><strong>frater</strong></span> <span class='ocrx_word' id='word_1_12' title='bbox 855 384 995 466; x_wconf 84' lang='lat' dir='ltr'><strong>amaret,</strong></span> 
     </span>
     <span class='ocr_line' id='line_1_3' title="bbox 175 468 871 557; baseline -0.003 -19"><span class='ocrx_word' id='word_1_13' title='bbox 175 471 333 539; x_wconf 89' lang='lat' dir='ltr'><strong>Iunonem</strong></span> <span class='ocrx_word' id='word_1_14' title='bbox 357 473 489 557; x_wconf 87' lang='lat' dir='ltr'><strong>poterat</strong></span> <span class='ocrx_word' id='word_1_15' title='bbox 511 468 614 534; x_wconf 86' lang='lat' dir='ltr'><strong>frater</strong></span> <span class='ocrx_word' id='word_1_16' title='bbox 637 492 747 535; x_wconf 88' lang='lat' dir='ltr'><strong>amare</strong></span> <span class='ocrx_word' id='word_1_17' title='bbox 770 474 871 536; x_wconf 88' lang='lat' dir='ltr'><strong>tuam.</strong></span> 
     </span>
    </p>
   </div>
   <div class='ocr_carea' id='block_1_3' title="bbox 566 609 632 678">
    <p class='ocr_par' dir='ltr' id='par_1_3' title="bbox 566 609 632 678">
     <span class='ocr_line' id='line_1_4' title="bbox 566 609 632 678; baseline 0.03 -2"><span class='ocrx_word' id='word_1_18' title='bbox 566 609 632 678; x_wconf 85' lang='lat' dir='ltr'><strong>XO.</strong></span> 
     </span>
    </p>
   </div>
   <div class='ocr_carea' id='block_1_4' title="bbox 4 708 942 1578">
    <p class='ocr_par' dir='ltr' id='par_1_4' title="bbox 4 708 942 1578">
     <span class='ocr_line' id='line_1_5' title="bbox 132 708 842 795; baseline -0.001 -18"><span class='ocrx_word' id='word_1_19' title='bbox 132 711 216 789; x_wconf 80' lang='lat' dir='ltr'><strong>Quid</strong></span> <span class='ocrx_word' id='word_1_20' title='bbox 238 711 334 778; x_wconf 86' lang='lat' dir='ltr'><strong>vellis</strong></span> <span class='ocrx_word' id='word_1_21' title='bbox 358 708 520 795; x_wconf 83' lang='lat' dir='ltr'><strong>vetulum,</strong></span> <span class='ocrx_word' id='word_1_22' title='bbox 544 708 653 795; x_wconf 66' lang='lat' dir='ltr'><strong>ligia,</strong></span> <span class='ocrx_word' id='word_1_23' title='bbox 677 710 842 776; x_wconf 83' lang='lat' dir='ltr'><strong>cunnum?</strong></span> 
     </span>
     <span class='ocr_line' id='line_1_6' title="bbox 132 799 729 878; baseline -0.002 -12"><span class='ocrx_word' id='word_1_24' title='bbox 132 801 217 878; x_wconf 79' lang='lat' dir='ltr'><strong>Quid</strong></span> <span class='ocrx_word' id='word_1_25' title='bbox 240 800 330 866; x_wconf 91' lang='lat' dir='ltr'><strong>busti</strong></span> <span class='ocrx_word' id='word_1_26' title='bbox 354 799 476 865; x_wconf 88' lang='lat' dir='ltr'><strong>eineres</strong></span> <span class='ocrx_word' id='word_1_27' title='bbox 499 799 549 864; x_wconf 90' lang='lat' dir='ltr'><strong>tui</strong></span> <span class='ocrx_word' id='word_1_28' title='bbox 571 799 729 866; x_wconf 79' lang='lat' dir='ltr'><strong>lacessis?</strong></span> 
     </span>
     <span class='ocr_line' id='line_1_7' title="bbox 132 887 720 971; baseline -0.003 -17"><span class='ocrx_word' id='word_1_29' title='bbox 132 889 228 956; x_wconf 84' lang='lat' dir='ltr'><strong>Tales</strong></span> <span class='ocrx_word' id='word_1_30' title='bbox 251 887 430 954; x_wconf 77' lang='lat' dir='ltr'><strong>munditiae</strong></span> <span class='ocrx_word' id='word_1_31' title='bbox 454 887 569 954; x_wconf 85' lang='lat' dir='ltr'><strong>decent</strong></span> <span class='ocrx_word' id='word_1_32' title='bbox 592 887 720 971; x_wconf 86' lang='lat' dir='ltr'><strong>puellas</strong></span> 
     </span>
     <span class='ocr_line' id='line_1_8' title="bbox 4 975 942 1064; baseline -0.001 -21"><span class='ocrx_word' id='word_1_33' title='bbox 4 1053 5 1056; x_wconf 8' lang='grc' dir='ltr'><strong>Ἴ</strong></span> <span class='ocrx_word' id='word_1_34' title='bbox 68 979 70 982; x_wconf 46' lang='lat'><em>⁴</em></span> <span class='ocrx_word' id='word_1_35' title='bbox 133 977 284 1044; x_wconf 88' lang='lat' dir='ltr'><strong>-Nam</strong></span> <span class='ocrx_word' id='word_1_36' title='bbox 307 983 344 1043; x_wconf 87' lang='lat' dir='ltr'><strong>tu</strong></span> <span class='ocrx_word' id='word_1_37' title='bbox 368 978 433 1042; x_wconf 86' lang='lat' dir='ltr'><strong>iam</strong></span> <span class='ocrx_word' id='word_1_38' title='bbox 457 999 516 1042; x_wconf 88' lang='lat' dir='ltr'><strong>nec</strong></span> <span class='ocrx_word' id='word_1_39' title='bbox 540 997 622 1042; x_wconf 88' lang='lat' dir='ltr'><strong>anus</strong></span> <span class='ocrx_word' id='word_1_40' title='bbox 645 981 739 1062; x_wconf 89' lang='lat' dir='ltr'><strong>potes</strong></span> <span class='ocrx_word' id='word_1_41' title='bbox 762 975 866 1042; x_wconf 83' lang='lat' dir='ltr'><strong>videri</strong></span> <span class='ocrx_word' id='word_1_42' title='bbox 886 1001 942 1064; x_wconf 77' lang='lat'><strong>-3</strong></span> 
     </span>
     <span class='ocr_line' id='line_1_9' title="bbox 5 1063 783 1152; baseline -0.005 -18"><span class='ocrx_word' id='word_1_43' title='bbox 5 1077 6 1080; x_wconf 75' lang='grc'>’</span> <span class='ocrx_word' id='word_1_44' title='bbox 105 1068 239 1152; x_wconf 77' lang='lat' dir='ltr'><strong>olstud,</strong></span> <span class='ocrx_word' id='word_1_45' title='bbox 262 1067 354 1132; x_wconf 89' lang='lat' dir='ltr'><strong>erede</strong></span> <span class='ocrx_word' id='word_1_46' title='bbox 378 1066 475 1148; x_wconf 90' lang='lat' dir='ltr'><strong>mihi,</strong></span> <span class='ocrx_word' id='word_1_47' title='bbox 498 1063 607 1150; x_wconf 78' lang='lat' dir='ltr'><strong>Ligia,</strong></span> <span class='ocrx_word' id='word_1_48' title='bbox 631 1065 716 1130; x_wconf 88' lang='lat' dir='ltr'><strong>belle</strong></span> <span class='ocrx_word' id='word_1_49' title='bbox 781 1141 783 1144; x_wconf 17' lang='lat'>¹</span> 
     </span>
     <span class='ocr_line' id='line_1_10' title="bbox 132 1152 823 1237; baseline -0.006 -15"><span class='ocrx_word' id='word_1_50' title='bbox 132 1156 210 1237; x_wconf 85' lang='lat' dir='ltr'><strong>Non</strong></span> <span class='ocrx_word' id='word_1_51' title='bbox 232 1161 337 1220; x_wconf 87' lang='lat' dir='ltr'><strong>mater</strong></span> <span class='ocrx_word' id='word_1_52' title='bbox 359 1154 440 1220; x_wconf 88' lang='lat' dir='ltr'><strong>facit</strong></span> <span class='ocrx_word' id='word_1_53' title='bbox 461 1152 629 1236; x_wconf 73' lang='lat' dir='ltr'><strong>Hectoris,</strong></span> <span class='ocrx_word' id='word_1_54' title='bbox 654 1153 711 1218; x_wconf 91' lang='lat' dir='ltr'><strong>sed</strong></span> <span class='ocrx_word' id='word_1_55' title='bbox 733 1175 823 1221; x_wconf 86' lang='lat' dir='ltr'><strong>uxor.</strong></span> 
     </span>
     <span class='ocr_line' id='line_1_11' title="bbox 132 1242 776 1329; baseline -0.006 -19"><span class='ocrx_word' id='word_1_56' title='bbox 132 1246 247 1329; x_wconf 81' lang='lat' dir='ltr'><strong>Erras,</strong></span> <span class='ocrx_word' id='word_1_57' title='bbox 272 1245 301 1310; x_wconf 89' lang='lat' dir='ltr'><strong>si</strong></span> <span class='ocrx_word' id='word_1_58' title='bbox 323 1244 385 1310; x_wconf 88' lang='lat' dir='ltr'><strong>tibi</strong></span> <span class='ocrx_word' id='word_1_59' title='bbox 409 1265 533 1309; x_wconf 89' lang='lat' dir='ltr'><strong>cunnus</strong></span> <span class='ocrx_word' id='word_1_60' title='bbox 557 1242 610 1308; x_wconf 90' lang='lat' dir='ltr'><strong>hie</strong></span> <span class='ocrx_word' id='word_1_61' title='bbox 634 1242 776 1328; x_wconf 85' lang='lat' dir='ltr'><strong>ridetur,</strong></span> 
     </span>
     <span class='ocr_line' id='line_1_12' title="bbox 134 1331 776 1419; baseline 0 -20"><span class='ocrx_word' id='word_1_62' title='bbox 134 1335 185 1400; x_wconf 80' lang='lat' dir='ltr'><strong>Ad</strong></span> <span class='ocrx_word' id='word_1_63' title='bbox 209 1356 304 1419; x_wconf 83' lang='lat' dir='ltr'><strong>quem</strong></span> <span class='ocrx_word' id='word_1_64' title='bbox 328 1333 473 1398; x_wconf 87' lang='lat' dir='ltr'><strong>mentula</strong></span> <span class='ocrx_word' id='word_1_65' title='bbox 496 1333 659 1418; x_wconf 87' lang='lat' dir='ltr'><strong>pertinere</strong></span> <span class='ocrx_word' id='word_1_66' title='bbox 683 1331 776 1399; x_wconf 88' lang='lat' dir='ltr'><strong>desit.</strong></span> 
     </span>
     <span class='ocr_line' id='line_1_13' title="bbox 134 1419 895 1508; baseline -0.004 -20"><span class='ocrx_word' id='word_1_67' title='bbox 134 1423 240 1498; x_wconf 82' lang='lat' dir='ltr'><strong>Quare</strong></span> <span class='ocrx_word' id='word_1_68' title='bbox 264 1423 292 1487; x_wconf 94' lang='lat' dir='ltr'><strong>si</strong></span> <span class='ocrx_word' id='word_1_69' title='bbox 315 1422 420 1506; x_wconf 91' lang='lat' dir='ltr'><strong>pudor</strong></span> <span class='ocrx_word' id='word_1_70' title='bbox 444 1424 506 1503; x_wconf 88' lang='lat' dir='ltr'><strong>est,</strong></span> <span class='ocrx_word' id='word_1_71' title='bbox 530 1419 640 1508; x_wconf 82' lang='lat' dir='ltr'><strong>Ligia,</strong></span> <span class='ocrx_word' id='word_1_72' title='bbox 661 1421 731 1486; x_wconf 89' lang='lat' dir='ltr'><strong>noli</strong></span> <span class='ocrx_word' id='word_1_73' title='bbox 791 1469 794 1472; x_wconf 89' lang='lat'>-</span> <span class='ocrx_word' id='word_1_74' title='bbox 892 1450 895 1456; x_wconf 96' lang='lat'>·</span> 
     </span>
     <span class='ocr_line' id='line_1_14' title="bbox 88 1510 692 1578; baseline -0.005 0"><span class='ocrx_word' id='word_1_75' title='bbox 88 1529 122 1578; x_wconf 81' lang='grc' dir='ltr'><strong>ιο</strong></span> <span class='ocrx_word' id='word_1_76' title='bbox 133 1511 277 1578; x_wconf 86' lang='lat' dir='ltr'><strong>Barbam</strong></span> <span class='ocrx_word' id='word_1_77' title='bbox 300 1511 418 1577; x_wconf 83' lang='lat' dir='ltr'><strong>vellere</strong></span> <span class='ocrx_word' id='word_1_78' title='bbox 442 1514 572 1576; x_wconf 88' lang='lat' dir='ltr'><strong>mortuo</strong></span> <span class='ocrx_word' id='word_1_79' title='bbox 596 1510 692 1576; x_wconf 80' lang='lat' dir='ltr'><strong>leoni</strong></span> 
     </span>
    </p>
   </div>
   <div class='ocr_carea' id='block_1_5' title="bbox 453 1639 640 1710">
    <p class='ocr_par' dir='ltr' id='par_1_5' title="bbox 453 1639 640 1710">
     <span class='ocr_line' id='line_1_15' title="bbox 453 1639 640 1710; baseline 0.011 -2"><span class='ocrx_word' id='word_1_80' title='bbox 453 1645 455 1648; x_wconf 79' lang='grc'><strong>’</strong></span> <span class='ocrx_word' id='word_1_81' title='bbox 556 1639 640 1710; x_wconf 82' lang='grc' dir='ltr'><strong>ΧΟΙ.</strong></span> 
     </span>
    </p>
   </div>
   <div class='ocr_carea' id='block_1_6' title="bbox 5 1701 1015 1916">
    <p class='ocr_par' dir='ltr' id='par_1_6' title="bbox 5 1701 1015 1916">
     <span class='ocr_line' id='line_1_16' title="bbox 5 1701 1015 1828; baseline 0.002 -22"><span class='ocrx_word' id='word_1_82' title='bbox 5 1763 7 1771; x_wconf 61' lang='grc'>”</span> <span class='ocrx_word' id='word_1_83' title='bbox 114 1740 253 1807; x_wconf 62' lang='lat' dir='ltr'><strong>&#39;Omnes</strong></span> <span class='ocrx_word' id='word_1_84' title='bbox 278 1740 440 1807; x_wconf 85' lang='lat' dir='ltr'><strong>eunuchos</strong></span> <span class='ocrx_word' id='word_1_85' title='bbox 464 1739 565 1806; x_wconf 87' lang='lat' dir='ltr'><strong>habet</strong></span> <span class='ocrx_word' id='word_1_86' title='bbox 589 1740 686 1806; x_wconf 89' lang='lat' dir='ltr'><strong>Almo</strong></span> <span class='ocrx_word' id='word_1_87' title='bbox 710 1763 768 1808; x_wconf 90' lang='lat' dir='ltr'><strong>nee</strong></span> <span class='ocrx_word' id='word_1_88' title='bbox 793 1701 910 1828; x_wconf 61' lang='lat' dir='ltr'><strong>ahrigit</strong></span> <span class='ocrx_word' id='word_1_89' title='bbox 932 1741 1015 1828; x_wconf 73' lang='lat' dir='ltr'><strong>ipses</strong></span> 
     </span>
     <span class='ocr_line' id='line_1_17' title="bbox 178 1828 957 1916; baseline 0 -20"><span class='ocrx_word' id='word_1_90' title='bbox 178 1831 222 1896; x_wconf 88' lang='lat' dir='ltr'><strong>Et</strong></span> <span class='ocrx_word' id='word_1_91' title='bbox 245 1831 404 1916; x_wconf 88' lang='lat' dir='ltr'><strong>queritur,</strong></span> <span class='ocrx_word' id='word_1_92' title='bbox 428 1829 535 1914; x_wconf 88' lang='lat' dir='ltr'><strong>pariat</strong></span> <span class='ocrx_word' id='word_1_93' title='bbox 558 1828 644 1914; x_wconf 88' lang='lat' dir='ltr'><strong>quod</strong></span> <span class='ocrx_word' id='word_1_94' title='bbox 668 1852 727 1895; x_wconf 91' lang='lat' dir='ltr'><strong>sua</strong></span> <span class='ocrx_word' id='word_1_95' title='bbox 751 1829 844 1896; x_wconf 90' lang='lat' dir='ltr'><strong>Polla</strong></span> <span class='ocrx_word' id='word_1_96' title='bbox 866 1829 957 1896; x_wconf 88' lang='lat' dir='ltr'><strong>nihil.</strong></span> 
     </span>
    </p>
   </div>
   <div class='ocr_carea' id='block_1_7' title="bbox 544 1968 646 2036">
    <p class='ocr_par' dir='ltr' id='par_1_7' title="bbox 544 1968 646 2036">
     <span class='ocr_line' id='line_1_18' title="bbox 544 1968 646 2036; baseline 0.02 -2"><span class='ocrx_word' id='word_1_97' title='bbox 544 1968 646 2036; x_wconf 86' lang='lat' dir='ltr'>XCII.</span> 
     </span>
    </p>
   </div>
   <div class='ocr_carea' id='block_1_8' title="bbox 4 2067 953 3578">
    <p class='ocr_par' dir='ltr' id='par_1_8' title="bbox 4 2067 953 3578">
     <span class='ocr_line' id='line_1_19' title="bbox 133 2067 894 2153; baseline 0.003 -19"><span class='ocrx_word' id='word_1_98' title='bbox 133 2068 231 2152; x_wconf 86' lang='lat' dir='ltr'><strong>Mari,</strong></span> <span class='ocrx_word' id='word_1_99' title='bbox 255 2067 384 2153; x_wconf 75' lang='lat' dir='ltr'><strong>quietae</strong></span> <span class='ocrx_word' id='word_1_100' title='bbox 407 2068 512 2134; x_wconf 88' lang='lat' dir='ltr'><strong>cultor</strong></span> <span class='ocrx_word' id='word_1_101' title='bbox 536 2073 570 2132; x_wconf 86' lang='lat' dir='ltr'><strong>ct</strong></span> <span class='ocrx_word' id='word_1_102' title='bbox 592 2090 700 2134; x_wconf 87' lang='lat' dir='ltr'><strong>eomes</strong></span> <span class='ocrx_word' id='word_1_103' title='bbox 723 2067 824 2152; x_wconf 86' lang='lat' dir='ltr'><strong>vitae,</strong></span> <span class='ocrx_word' id='word_1_104' title='bbox 893 2133 894 2136; x_wconf 74' lang='grc'>,</span> 
     </span>
     <span class='ocr_line' id='line_1_20' title="bbox 135 2156 752 2244; baseline 0 -22"><span class='ocrx_word' id='word_1_105' title='bbox 135 2157 205 2234; x_wconf 89' lang='lat' dir='ltr'><strong>Quo</strong></span> <span class='ocrx_word' id='word_1_106' title='bbox 230 2159 299 2224; x_wconf 87' lang='lat' dir='ltr'><strong>cive</strong></span> <span class='ocrx_word' id='word_1_107' title='bbox 322 2156 430 2241; x_wconf 86' lang='lat' dir='ltr'><strong>prisea</strong></span> <span class='ocrx_word' id='word_1_108' title='bbox 453 2157 615 2244; x_wconf 82' lang='lat' dir='ltr'><strong>gloriatur</strong></span> <span class='ocrx_word' id='word_1_109' title='bbox 638 2157 752 2242; x_wconf 84' lang='lat' dir='ltr'><strong>Atina,</strong></span> 
     </span>
     <span class='ocr_line' id='line_1_21' title="bbox 134 2245 835 2332; baseline 0.004 -22"><span class='ocrx_word' id='word_1_110' title='bbox 134 2246 203 2310; x_wconf 86' lang='lat' dir='ltr'><strong>Has</strong></span> <span class='ocrx_word' id='word_1_111' title='bbox 227 2246 288 2310; x_wconf 88' lang='lat' dir='ltr'><strong>tibi</strong></span> <span class='ocrx_word' id='word_1_112' title='bbox 312 2245 469 2332; x_wconf 83' lang='lat' dir='ltr'><strong>gemellas</strong></span> <span class='ocrx_word' id='word_1_113' title='bbox 494 2245 626 2310; x_wconf 87' lang='lat' dir='ltr'><strong>barbari</strong></span> <span class='ocrx_word' id='word_1_114' title='bbox 650 2246 745 2312; x_wconf 85' lang='lat' dir='ltr'><strong>decus</strong></span> <span class='ocrx_word' id='word_1_115' title='bbox 770 2245 835 2312; x_wconf 89' lang='lat' dir='ltr'><strong>luci</strong></span> 
     </span>
     <span class='ocr_line' id='line_1_22' title="bbox 7 2333 845 2419; baseline 0.002 -19"><span class='ocrx_word' id='word_1_116' title='bbox 7 2386 9 2389; x_wconf 81' lang='grc'><strong>-</strong></span> <span class='ocrx_word' id='word_1_117' title='bbox 135 2333 335 2400; x_wconf 85' lang='lat' dir='ltr'><strong>Commendo</strong></span> <span class='ocrx_word' id='word_1_118' title='bbox 359 2334 455 2419; x_wconf 90' lang='lat' dir='ltr'><strong>pinus</strong></span> <span class='ocrx_word' id='word_1_119' title='bbox 479 2335 633 2419; x_wconf 84' lang='lat' dir='ltr'><strong>ilicesque</strong></span> <span class='ocrx_word' id='word_1_120' title='bbox 657 2333 845 2402; x_wconf 85' lang='lat' dir='ltr'><strong>Faunorum</strong></span> 
     </span>
     <span class='ocr_line' id='line_1_23' title="bbox 101 2423 777 2490; baseline 0 -2"><span class='ocrx_word' id='word_1_121' title='bbox 101 2423 178 2490; x_wconf 74' lang='lat' dir='ltr'><strong>olla</strong></span> <span class='ocrx_word' id='word_1_122' title='bbox 201 2423 379 2488; x_wconf 82' lang='lat' dir='ltr'><strong>semidocta</strong></span> <span class='ocrx_word' id='word_1_123' title='bbox 401 2423 490 2488; x_wconf 84' lang='lat' dir='ltr'><strong>vilici</strong></span> <span class='ocrx_word' id='word_1_124' title='bbox 513 2444 611 2488; x_wconf 89' lang='lat' dir='ltr'><strong>manu</strong></span> <span class='ocrx_word' id='word_1_125' title='bbox 634 2427 777 2490; x_wconf 84' lang='lat' dir='ltr'><strong>structas</strong></span> 
     </span>
     <span class='ocr_line' id='line_1_24' title="bbox 135 2507 768 2598; baseline 0.003 -22"><span class='ocrx_word' id='word_1_126' title='bbox 135 2511 294 2577; x_wconf 79' lang='lat' dir='ltr'><strong>Tonantis</strong></span> <span class='ocrx_word' id='word_1_127' title='bbox 319 2533 394 2577; x_wconf 86' lang='lat' dir='ltr'><strong>aras</strong></span> <span class='ocrx_word' id='word_1_128' title='bbox 417 2511 606 2598; x_wconf 85' lang='lat' dir='ltr'><strong>horridique</strong></span> <span class='ocrx_word' id='word_1_129' title='bbox 630 2507 768 2596; x_wconf 85' lang='lat' dir='ltr'><strong>Silvani,</strong></span> 
     </span>
     <span class='ocr_line' id='line_1_25' title="bbox 135 2599 941 2686; baseline 0 -21"><span class='ocrx_word' id='word_1_130' title='bbox 135 2601 221 2676; x_wconf 84' lang='lat' dir='ltr'><strong>Quas</strong></span> <span class='ocrx_word' id='word_1_131' title='bbox 245 2599 351 2684; x_wconf 86' lang='lat' dir='ltr'><strong>pinxit</strong></span> <span class='ocrx_word' id='word_1_132' title='bbox 373 2601 451 2684; x_wconf 82' lang='lat' dir='ltr'><strong>agni</strong></span> <span class='ocrx_word' id='word_1_133' title='bbox 475 2622 572 2686; x_wconf 86' lang='lat' dir='ltr'><strong>saepe</strong></span> <span class='ocrx_word' id='word_1_134' title='bbox 595 2602 727 2686; x_wconf 83' lang='lat' dir='ltr'><strong>sanguis</strong></span> <span class='ocrx_word' id='word_1_135' title='bbox 751 2605 809 2666; x_wconf 89' lang='lat' dir='ltr'><strong>ant</strong></span> <span class='ocrx_word' id='word_1_136' title='bbox 830 2599 941 2682; x_wconf 88' lang='lat' dir='ltr'><strong>haedi,</strong></span> 
     </span>
     <span class='ocr_line' id='line_1_26' title="bbox 134 2681 953 2776; baseline 0.001 -23"><span class='ocrx_word' id='word_1_137' title='bbox 134 2688 372 2774; x_wconf 80' lang='lat' dir='ltr'><strong>Dominamque</strong></span> <span class='ocrx_word' id='word_1_138' title='bbox 395 2691 500 2755; x_wconf 83' lang='lat' dir='ltr'><strong>sancti</strong></span> <span class='ocrx_word' id='word_1_139' title='bbox 523 2689 683 2776; x_wconf 79' lang='lat' dir='ltr'><strong>virginem</strong></span> <span class='ocrx_word' id='word_1_140' title='bbox 707 2689 800 2754; x_wconf 88' lang='lat' dir='ltr'><strong>dcam</strong></span> <span class='ocrx_word' id='word_1_141' title='bbox 823 2681 953 2776; x_wconf 86' lang='lat' dir='ltr'><strong>templi,</strong></span> 
     </span>
     <span class='ocr_line' id='line_1_27' title="bbox 134 2777 879 2863; baseline 0 -19"><span class='ocrx_word' id='word_1_142' title='bbox 134 2777 179 2844; x_wconf 81' lang='lat' dir='ltr'><strong>Et</strong></span> <span class='ocrx_word' id='word_1_143' title='bbox 203 2799 299 2863; x_wconf 90' lang='lat' dir='ltr'><strong>quem</strong></span> <span class='ocrx_word' id='word_1_144' title='bbox 323 2779 446 2843; x_wconf 89' lang='lat' dir='ltr'><strong>sororis</strong></span> <span class='ocrx_word' id='word_1_145' title='bbox 469 2779 634 2862; x_wconf 90' lang='lat' dir='ltr'><strong>hospitem</strong></span> <span class='ocrx_word' id='word_1_146' title='bbox 657 2777 747 2842; x_wconf 82' lang='lat' dir='ltr'><strong>rides</strong></span> <span class='ocrx_word' id='word_1_147' title='bbox 770 2781 879 2844; x_wconf 86' lang='lat' dir='ltr'><strong>castae</strong></span> 
     </span>
     <span class='ocr_line' id='line_1_28' title="bbox 92 2865 909 2953; baseline 0.002 -23"><span class='ocrx_word' id='word_1_148' title='bbox 92 2865 277 2932; x_wconf 76' lang='lat' dir='ltr'><strong>sollertem</strong></span> <span class='ocrx_word' id='word_1_149' title='bbox 300 2889 446 2932; x_wconf 84' lang='lat' dir='ltr'><strong>mserum</strong></span> <span class='ocrx_word' id='word_1_150' title='bbox 469 2867 650 2953; x_wconf 85' lang='lat' dir='ltr'><strong>prinoipem</strong></span> <span class='ocrx_word' id='word_1_151' title='bbox 673 2865 909 2952; x_wconf 86' lang='lat' dir='ltr'><strong>Kalendarum,</strong></span> 
     </span>
     <span class='ocr_line' id='line_1_29' title="bbox 133 2953 820 3040; baseline 0.003 -21"><span class='ocrx_word' id='word_1_152' title='bbox 133 2955 179 3020; x_wconf 86' lang='lat' dir='ltr'><strong>Et</strong></span> <span class='ocrx_word' id='word_1_153' title='bbox 202 2955 360 3021; x_wconf 84' lang='lat' dir='ltr'><strong>delicatae</strong></span> <span class='ocrx_word' id='word_1_154' title='bbox 383 2957 529 3022; x_wconf 87' lang='lat' dir='ltr'><strong>laureum</strong></span> <span class='ocrx_word' id='word_1_155' title='bbox 553 2953 820 3040; x_wconf 17' lang='lat' dir='ltr'><strong>nemus-Florae,</strong></span> 
     </span>
     <span class='ocr_line' id='line_1_30' title="bbox 9 3043 843 3131; baseline 0.002 -23"><span class='ocrx_word' id='word_1_156' title='bbox 9 3085 12 3092; x_wconf 71' lang='lat'>‚</span> <span class='ocrx_word' id='word_1_157' title='bbox 133 3043 171 3108; x_wconf 89' lang='lat' dir='ltr'><strong>In</strong></span> <span class='ocrx_word' id='word_1_158' title='bbox 194 3044 281 3129; x_wconf 90' lang='lat' dir='ltr'><strong>quod</strong></span> <span class='ocrx_word' id='word_1_159' title='bbox 304 3043 423 3130; x_wconf 90' lang='lat' dir='ltr'><strong>Priapo</strong></span> <span class='ocrx_word' id='word_1_160' title='bbox 448 3047 662 3131; x_wconf 88' lang='lat' dir='ltr'><strong>persequente</strong></span> <span class='ocrx_word' id='word_1_161' title='bbox 685 3043 843 3130; x_wconf 88' lang='lat' dir='ltr'><strong>confugit.</strong></span> 
     </span>
     <span class='ocr_line' id='line_1_31' title="bbox 8 3129 847 3218; baseline 0 -20"><span class='ocrx_word' id='word_1_162' title='bbox 8 3129 14 3215; x_wconf 76' lang='grc' dir='ltr'>ξ</span> <span class='ocrx_word' id='word_1_163' title='bbox 134 3131 207 3199; x_wconf 82' lang='lat' dir='ltr'><strong>Hoc</strong></span> <span class='ocrx_word' id='word_1_164' title='bbox 230 3155 325 3198; x_wconf 92' lang='lat' dir='ltr'><strong>omne</strong></span> <span class='ocrx_word' id='word_1_165' title='bbox 348 3134 450 3218; x_wconf 85' lang='lat' dir='ltr'><strong>agelli</strong></span> <span class='ocrx_word' id='word_1_166' title='bbox 473 3134 551 3198; x_wconf 87' lang='lat' dir='ltr'><strong>mite</strong></span> <span class='ocrx_word' id='word_1_167' title='bbox 575 3131 703 3218; x_wconf 81' lang='lat' dir='ltr'><strong>parvuli</strong></span> <span class='ocrx_word' id='word_1_168' title='bbox 724 3155 847 3200; x_wconf 88' lang='lat' dir='ltr'><strong>numen</strong></span> 
     </span>
     <span class='ocr_line' id='line_1_32' title="bbox 8 3221 766 3307; baseline 0 -21"><span class='ocrx_word' id='word_1_169' title='bbox 8 3227 15 3296; x_wconf 77' lang='lat' dir='ltr'><strong>i</strong></span> <span class='ocrx_word' id='word_1_170' title='bbox 134 3221 196 3287; x_wconf 88' lang='lat' dir='ltr'><strong>Seu</strong></span> <span class='ocrx_word' id='word_1_171' title='bbox 219 3227 256 3287; x_wconf 88' lang='lat' dir='ltr'><strong>tu</strong></span> <span class='ocrx_word' id='word_1_172' title='bbox 280 3244 393 3289; x_wconf 86' lang='lat' dir='ltr'><strong>eruore</strong></span> <span class='ocrx_word' id='word_1_173' title='bbox 417 3223 486 3288; x_wconf 88' lang='lat' dir='ltr'><strong>sive</strong></span> <span class='ocrx_word' id='word_1_174' title='bbox 510 3226 582 3286; x_wconf 87' lang='lat' dir='ltr'><strong>ture</strong></span> <span class='ocrx_word' id='word_1_175' title='bbox 606 3221 766 3307; x_wconf 85' lang='lat' dir='ltr'><strong>placabis:</strong></span> 
     </span>
     <span class='ocr_line' id='line_1_33' title="bbox 6 3306 905 3416; baseline 0.001 -42"><span class='ocrx_word' id='word_1_176' title='bbox 6 3306 14 3416; x_wconf 55' lang='lat' dir='ltr'><strong>i</strong></span> <span class='ocrx_word' id='word_1_177' title='bbox 91 3309 344 3396; x_wconf 82' lang='lat' dir='ltr'><strong>15,‚Ubicnnque</strong></span> <span class='ocrx_word' id='word_1_178' title='bbox 366 3315 475 3377; x_wconf 78' lang='lat' dir='ltr'><strong>vester</strong></span> <span class='ocrx_word' id='word_1_179' title='bbox 498 3310 661 3376; x_wconf 87' lang='lat' dir='ltr'><strong>Martialis</strong></span> <span class='ocrx_word' id='word_1_180' title='bbox 686 3310 769 3395; x_wconf 87' lang='lat' dir='ltr'><strong>cst,“</strong></span> <span class='ocrx_word' id='word_1_181' title='bbox 791 3309 905 3389; x_wconf 87' lang='lat' dir='ltr'><strong>dices,-</strong></span> 
     </span>
     <span class='ocr_line' id='line_1_34' title="bbox 5 3399 870 3486; baseline -0.001 -21"><span class='ocrx_word' id='word_1_182' title='bbox 5 3419 13 3486; x_wconf 66' lang='grc' dir='ltr'><strong>ς</strong></span> <span class='ocrx_word' id='word_1_183' title='bbox 132 3399 238 3485; x_wconf 85' lang='lat' dir='ltr'><strong>,‚Hac,</strong></span> <span class='ocrx_word' id='word_1_184' title='bbox 261 3423 347 3486; x_wconf 88' lang='lat' dir='ltr'><strong>ecce,</strong></span> <span class='ocrx_word' id='word_1_185' title='bbox 371 3423 498 3467; x_wconf 90' lang='lat' dir='ltr'><strong>mecum</strong></span> <span class='ocrx_word' id='word_1_186' title='bbox 522 3400 655 3466; x_wconf 86' lang='lat' dir='ltr'><strong>dextera</strong></span> <span class='ocrx_word' id='word_1_187' title='bbox 677 3401 753 3466; x_wconf 87' lang='lat' dir='ltr'><strong>litat</strong></span> <span class='ocrx_word' id='word_1_188' title='bbox 775 3399 870 3466; x_wconf 82' lang='lat' dir='ltr'><strong>robis</strong></span> 
     </span>
     <span class='ocr_line' id='line_1_35' title="bbox 4 3486 897 3578; baseline 0.001 -26"><span class='ocrx_word' id='word_1_189' title='bbox 4 3486 11 3552; x_wconf 87' lang='lat' dir='ltr'><strong>i</strong></span> <span class='ocrx_word' id='word_1_190' title='bbox 132 3488 262 3555; x_wconf 89' lang='lat' dir='ltr'><strong>Absens</strong></span> <span class='ocrx_word' id='word_1_191' title='bbox 287 3490 452 3578; x_wconf 79' lang='lat' dir='ltr'><strong>saeerd0s3</strong></span> <span class='ocrx_word' id='word_1_192' title='bbox 474 3511 532 3556; x_wconf 81' lang='lat' dir='ltr'><strong>vos</strong></span> <span class='ocrx_word' id='word_1_193' title='bbox 556 3493 669 3574; x_wconf 86' lang='lat' dir='ltr'><strong>putate</strong></span> <span class='ocrx_word' id='word_1_194' title='bbox 692 3493 897 3575; x_wconf 87' lang='lat' dir='ltr'><strong>praesentem</strong></span> 
     </span>
    </p>
   </div>
   <div class='ocr_carea' id='block_1_9' title="bbox 4 3555 896 3666">
    <p class='ocr_par' dir='ltr' id='par_1_9' title="bbox 4 3555 896 3666">
     <span class='ocr_line' id='line_1_36' title="bbox 4 3555 896 3666; baseline 0 -23"><span class='ocrx_word' id='word_1_195' title='bbox 4 3555 11 3632; x_wconf 87' lang='lat' dir='ltr'><strong>l</strong></span> <span class='ocrx_word' id='word_1_196' title='bbox 133 3577 178 3643; x_wconf 79' lang='lat' dir='ltr'><strong>ne</strong></span> <span class='ocrx_word' id='word_1_197' title='bbox 202 3577 276 3645; x_wconf 71' lang='lat' dir='ltr'><strong>aare</strong></span> <span class='ocrx_word' id='word_1_198' title='bbox 300 3579 426 3652; x_wconf 81' lang='lat' dir='ltr'><strong>duobus</strong></span> <span class='ocrx_word' id='word_1_199' title='bbox 451 3579 608 3666; x_wconf 84' lang='lat' dir='ltr'><strong>quidquid</strong></span> <span class='ocrx_word' id='word_1_200' title='bbox 632 3579 715 3645; x_wconf 71' lang='lat' dir='ltr'><strong>aner</strong></span> <span class='ocrx_word' id='word_1_201' title='bbox 739 3576 896 3665; x_wconf 63' lang='lat' dir='ltr'><strong>opunte</strong></span> 
     </span>
    </p>
   </div>
   <div class='ocr_carea' id='block_1_10' title="bbox 0 0 1302 4034">
    <p class='ocr_par' dir='ltr' id='par_1_10' title="bbox 0 0 1302 4034">
     <span class='ocr_line' id='line_1_37' title="bbox 0 0 1302 4034; baseline 0 1"><span class='ocrx_word' id='word_1_202' title='bbox 0 0 1302 4034; x_wconf 95' lang='lat' dir='ltr'><strong> </strong></span> 
     </span>
    </p>
   </div>
  </div>
 </body>
</html>
