2610 4048
93 177 95 180 ’
190 213 238 280 aa
522 177 663 272 arsura.
681 181 883 272 narniens

238 361 362 465 Accipe
384 399 450 444 non
473 376 570 444 Pario
593 377 744 444 nutantia
766 376 911 464 pondera
934 397 1026 463 saxo,

284 465 374 546 Quae
397 467 498 534 cineri
521 488 623 534 vanus
648 465 704 532 dat
726 467 853 532 ruitura
875 465 984 551 labor,

211 553 304 622 oSed
326 555 438 622 faciles
461 556 564 622 buxos
588 559 621 622 et
644 577 762 640 opacas
784 555 933 640 palmitis
956 555 1089 622 umbras
1141 635 1146 648 ,

284 643 439 730 Quaeque
461 644 570 710 virent
592 643 737 710 lacrimis
760 644 889 710 roscida
910 648 1008 730 prata
1031 645 1113 710 meis

237 731 372 819 Accipe,
395 755 469 800 care
492 755 585 820 puer,
607 733 713 799 nostri
736 737 946 799 monumenta
969 732 1106 799 doloris:
1171 752 1176 760 ·

265 819 347 888 ,Hic
369 821 432 888 tibi
453 826 611 910 perpetuo
635 825 782 906 tempore
805 822 894 888 vivet
915 821 1029 887 honor.

228 907 322 994 ,Cum
344 910 425 976 mihi
448 933 618 996 supremos
640 909 795 977 Lachesis
817 911 1002 996 pervenerit
1025 915 1145 995 annos,

195 1014 229 1065 ιο
255 1071 256 1076 1
283 997 360 1066 Non
383 999 480 1066 aliter
502 1000 627 1066 cineres
650 998 769 1066 mando
792 999 897 1066 iacere
920 1020 1020 1066 meos.

546 1131 547 1134 ’
613 1130 790 1198 LXXXIX.

239 1226 354 1294 Garris
377 1229 411 1296 in
434 1252 545 1296 aurem
570 1252 698 1315 semper
742 1228 884 1312 mnibus,
908 1226 1025 1313 Cinna,
1145 1237 1147 1240 ’

239 1314 352 1382 Garris
376 1321 418 1406 et
431 1319 514 1384 illud
536 1322 621 1385 teste
645 1251 740 1404 quod
754 1317 831 1383 licet
853 1317 960 1384 turba.

238 1404 339 1471 Rides
361 1405 397 1472 in
419 1429 544 1494 aurem,
568 1407 726 1494 quereris,
749 1407 876 1492 arguis,
897 1405 1024 1492 ploras,

239 1491 360 1561 Cantas
383 1495 419 1561 in
441 1518 566 1582 aurem,
588 1495 727 1580 iudicas,
749 1498 853 1579 taces,
875 1495 1012 1577 clamas,

213 1582 394 1668 oAdeoque
416 1587 545 1670 penitus
569 1584 655 1652 sedit
676 1583 731 1650 hic
753 1583 816 1648 tibi
839 1583 987 1664 morbus,
1110 1598 1112 1600 ·

239 1670 287 1738 Ut
310 1693 407 1757 saepe
429 1674 464 1739 in
487 1695 613 1758 aurem,
636 1670 754 1757 Cinna,
778 1668 951 1738 Caesarem
974 1668 1095 1736 laudes.
1176 1749 1178 1752 ¹

668 1812 736 1882 XC.

239 1919 335 2000 Quod
346 1943 513 2008 nunquam
530 1921 676 1987 maribus
694 1921 839 2014 iunctam
857 1921 907 2004 te,
920 1917 1037 2002 Bassa,
1055 1918 1215 1988 videbam

285 2009 441 2097 Quodque
463 2011 525 2076 tibi
548 2009 715 2077 moechum
738 2008 853 2074 fabula
875 2007 966 2074 nulla
988 2007 1104 2094 dabat,

240 2095 344 2163 Omne
367 2098 424 2164 sed
447 2098 590 2165 officium
613 2099 699 2165 circa
722 2101 755 2162 te
779 2118 907 2182 semper
925 2095 1039 2162 obibat

282 2185 393 2252 Turba
414 2187 464 2252 tui
489 2209 596 2270 sexus,
619 2208 684 2253 non
709 2185 846 2251 adeunte
870 2185 953 2266 viro,
1076 2206 1091 2226 ²

213 2273 322 2340 casse
344 2274 520 2357 videbaris,
542 2275 663 2362 fateor,
685 2272 968 2340 Lucretia'nobis:
1155 2359 1157 2362 Ι

283 2362 331 2430 At
351 2367 401 2448 tu,
423 2386 483 2449 pro
505 2363 647 2447 facinus,
670 2361 788 2445 Bassa,
811 2361 937 2427 fututor
961 2381 1041 2427 eras.

236 2449 330 2516 Inter
352 2472 387 2516 se
410 2453 557 2539 geminos
581 2453 680 2519 audes
704 2450 909 2518 committere
932 2471 1054 2516 cunnos

281 2538 503 2627 Mentiturque
526 2542 632 2608 virum
655 2541 844 2626 prodigiosa
866 2537 986 2604 Venus.
1297 2587 1298 2616 ,

238 2626 431 2696 Commenta
444 2651 479 2695 es
493 2629 628 2716 dignum
639 2631 796 2697 Thebano
812 2627 996 2712 aenigmate
1010 2633 1211 2715 monstrum,
1297 2689 1298 2724 ,

195 2732 228 2783 10
282 2715 346 2782 Hic
369 2717 426 2783 ubi
449 2717 499 2784 rir
520 2741 589 2786 non
612 2724 675 2805 est,
698 2723 736 2785 ut
758 2717 803 2784 sit
826 2715 1032 2783 adulterium.
1297 2725 1298 2764 ³

658 2858 743 2926 XCI.

238 2959 320 3032 Cum
342 2967 400 3030 tua
422 2986 488 3030 non
511 2963 602 3049 edas,
624 2966 732 3052 carpis
755 2988 828 3032 mea
851 2965 1009 3049 carmina,
1031 2963 1130 3031 Laeli.

283 3056 421 3138 Carpere
443 3054 497 3120 vel
519 3053 589 3120 noli
610 3059 726 3122 nostra
750 3055 800 3120 vel
825 3053 882 3119 ede
905 3056 972 3120 tua

648 3194 750 3263 XCII.

237 3299 341 3386 Saepe
363 3302 444 3368 mihi
468 3303 615 3387 queritur
636 3325 704 3368 non
727 3303 820 3370 siccis
844 3301 961 3370 Cestos
985 3303 1109 3382 ocellis,

280 3389 387 3479 Tangi
411 3413 445 3458 se
469 3391 587 3476 digito,
609 3391 825 3471 Mamuriane,
849 3395 916 3459 tuo.

236 3477 313 3546 Non
336 3502 418 3564 opus
441 3486 493 3546 est
515 3481 633 3566 digito:
656 3486 763 3548 totum
787 3481 851 3546 tibi
875 3479 997 3548 Ceston
1019 3479 1155 3564 habeto,

282 3565 318 3634 Si
341 3567 432 3636 deest
454 3569 503 3636 nil
527 3568 629 3654 aliud,
650 3569 867 3653 Mamurianc,
890 3569 961 3635 tibi.
1036 3635 1037 3638 ,

80 448 97 512 l

93 538 109 582 s
