<?xml version="1.0" encoding="UTF-8"?>
<!DOCTYPE html PUBLIC "-//W3C//DTD XHTML 1.0 Transitional//EN"
    "http://www.w3.org/TR/xhtml1/DTD/xhtml1-transitional.dtd">
<html xmlns="http://www.w3.org/1999/xhtml" xml:lang="en" lang="en">
 <head>
  <title>
</title>
<meta http-equiv="Content-Type" content="text/html;charset=utf-8" />
  <meta name='ocr-system' content='tesseract 3.04.00' />
  <meta name='ocr-capabilities' content='ocr_page ocr_carea ocr_par ocr_line ocrx_word'/>
</head>
<body>
  <div class='ocr_page' id='page_1' title='image "./epigrammatonlib03martgoog_0272.png"; bbox 0 0 2596 4034; ppageno 0'>
   <div class='ocr_carea' id='block_1_1' title="bbox 416 207 1146 278">
    <p class='ocr_par' dir='ltr' id='par_1_1' title="bbox 416 207 1146 278">
     <span class='ocr_line' id='line_1_1' title="bbox 416 207 1146 278; baseline 0.021 -14"><span class='ocrx_word' id='word_1_1' title='bbox 416 207 712 266; x_wconf 80' lang='lat' dir='ltr'><strong>EPIGRAMMATON</strong></span> <span class='ocrx_word' id='word_1_2' title='bbox 732 207 800 266; x_wconf 86' lang='lat' dir='ltr'>LlB.</span> <span class='ocrx_word' id='word_1_3' title='bbox 818 208 852 265; x_wconf 87' lang='lat' dir='ltr'>X.</span> <span class='ocrx_word' id='word_1_4' title='bbox 1083 211 1146 278; x_wconf 81' lang='grc'>231</span> 
     </span>
    </p>
   </div>
   <div class='ocr_carea' id='block_1_2' title="bbox 143 371 1058 728">
    <p class='ocr_par' dir='ltr' id='par_1_2' title="bbox 172 371 1058 550">
     <span class='ocr_line' id='line_1_2' title="bbox 172 371 1058 458; baseline -0.002 -20"><span class='ocrx_word' id='word_1_5' title='bbox 172 371 418 458; x_wconf 81' lang='lat' dir='ltr'>Sollemnesque</span> <span class='ocrx_word' id='word_1_6' title='bbox 441 373 529 438; x_wconf 88' lang='lat' dir='ltr'>iocos</span> <span class='ocrx_word' id='word_1_7' title='bbox 553 383 613 439; x_wconf 87' lang='lat' dir='ltr'>nec</span> <span class='ocrx_word' id='word_1_8' title='bbox 636 373 746 450; x_wconf 86' lang='lat' dir='ltr'>tristia</span> <span class='ocrx_word' id='word_1_9' title='bbox 769 371 915 436; x_wconf 85' lang='lat' dir='ltr'>earmina</span> <span class='ocrx_word' id='word_1_10' title='bbox 938 371 1058 457; x_wconf 84' lang='lat' dir='ltr'>poscit,</span> 
     </span>
     <span class='ocr_line' id='line_1_3' title="bbox 216 463 884 550; baseline -0.004 -23"><span class='ocrx_word' id='word_1_11' title='bbox 216 463 261 528; x_wconf 84' lang='lat' dir='ltr'>Et</span> <span class='ocrx_word' id='word_1_12' title='bbox 284 463 432 547; x_wconf 87' lang='lat' dir='ltr'>queritur</span> <span class='ocrx_word' id='word_1_13' title='bbox 453 465 559 550; x_wconf 85' lang='lat' dir='ltr'>nugas</span> <span class='ocrx_word' id='word_1_14' title='bbox 585 463 760 528; x_wconf 87' lang='lat' dir='ltr'>obticuisse</span> <span class='ocrx_word' id='word_1_15' title='bbox 784 483 884 525; x_wconf 87' lang='lat' dir='ltr'>meas.</span> 
     </span>
    </p>

    <p class='ocr_par' dir='ltr' id='par_1_3' title="bbox 143 547 1037 728">
     <span class='ocr_line' id='line_1_4' title="bbox 143 547 1037 638; baseline 0.001 -24"><span class='ocrx_word' id='word_1_16' title='bbox 143 549 360 616; x_wconf 80' lang='lat' dir='ltr'>tMensorum</span> <span class='ocrx_word' id='word_1_17' title='bbox 384 551 493 638; x_wconf 82' lang='lat' dir='ltr'>longis</span> <span class='ocrx_word' id='word_1_18' title='bbox 518 551 574 617; x_wconf 88' lang='lat' dir='ltr'>sed</span> <span class='ocrx_word' id='word_1_19' title='bbox 598 573 684 617; x_wconf 91' lang='lat' dir='ltr'>nunc</span> <span class='ocrx_word' id='word_1_20' title='bbox 708 553 802 616; x_wconf 84' lang='lat' dir='ltr'>vacat</span> <span class='ocrx_word' id='word_1_21' title='bbox 824 549 881 614; x_wconf 88' lang='lat' dir='ltr'>ille</span> <span class='ocrx_word' id='word_1_22' title='bbox 905 547 1037 615; x_wconf 87' lang='lat' dir='ltr'>libellis.</span> 
     </span>
     <span class='ocr_line' id='line_1_5' title="bbox 216 637 977 728; baseline 0 -24"><span class='ocrx_word' id='word_1_23' title='bbox 216 640 339 725; x_wconf 85' lang='lat' dir='ltr'>Appia,</span> <span class='ocrx_word' id='word_1_24' title='bbox 364 641 441 726; x_wconf 92' lang='lat' dir='ltr'>quid</span> <span class='ocrx_word' id='word_1_25' title='bbox 463 639 577 726; x_wconf 76' lang='lat' dir='ltr'>facieS,</span> <span class='ocrx_word' id='word_1_26' title='bbox 601 641 629 708; x_wconf 91' lang='lat' dir='ltr'>si</span> <span class='ocrx_word' id='word_1_27' title='bbox 653 641 736 728; x_wconf 87' lang='lat' dir='ltr'>legit</span> <span class='ocrx_word' id='word_1_28' title='bbox 758 639 823 705; x_wconf 84' lang='lat' dir='ltr'>ista</span> <span class='ocrx_word' id='word_1_29' title='bbox 846 637 977 705; x_wconf 80' lang='lat' dir='ltr'>Macer?</span> 
     </span>
    </p>
   </div>
   <div class='ocr_carea' id='block_1_3' title="bbox 500 776 696 868">
    <p class='ocr_par' dir='ltr' id='par_1_4' title="bbox 500 776 696 868">
     <span class='ocr_line' id='line_1_6' title="bbox 500 776 696 868; baseline 0.01 -2"><span class='ocrx_word' id='word_1_30' title='bbox 500 776 507 784; x_wconf 83' lang='lat'>&#39;</span> <span class='ocrx_word' id='word_1_31' title='bbox 575 799 696 868; x_wconf 76' lang='lat' dir='ltr'>nuru.</span> 
     </span>
    </p>
   </div>
   <div class='ocr_carea' id='block_1_4' title="bbox 97 902 1146 1260">
    <p class='ocr_par' dir='ltr' id='par_1_5' title="bbox 171 902 1101 991">
     <span class='ocr_line' id='line_1_7' title="bbox 171 902 1101 991; baseline 0 -21"><span class='ocrx_word' id='word_1_32' title='bbox 171 902 242 970; x_wconf 85' lang='lat' dir='ltr'>Nee</span> <span class='ocrx_word' id='word_1_33' title='bbox 264 909 361 971; x_wconf 85' lang='lat' dir='ltr'>vocat</span> <span class='ocrx_word' id='word_1_34' title='bbox 384 905 425 971; x_wconf 86' lang='lat' dir='ltr'>ad</span> <span class='ocrx_word' id='word_1_35' title='bbox 448 929 560 973; x_wconf 86' lang='lat' dir='ltr'>cenam</span> <span class='ocrx_word' id='word_1_36' title='bbox 583 906 720 991; x_wconf 87' lang='lat' dir='ltr'>Marius,</span> <span class='ocrx_word' id='word_1_37' title='bbox 743 927 802 971; x_wconf 87' lang='lat' dir='ltr'>nec</span> <span class='ocrx_word' id='word_1_38' title='bbox 826 927 962 970; x_wconf 84' lang='lat' dir='ltr'>munera</span> <span class='ocrx_word' id='word_1_39' title='bbox 985 905 1101 991; x_wconf 84' lang='lat' dir='ltr'>mittit,</span> 
     </span>
    </p>

    <p class='ocr_par' dir='ltr' id='par_1_6' title="bbox 97 991 1095 1080">
     <span class='ocr_line' id='line_1_8' title="bbox 97 991 1095 1080; baseline 0.002 -22"><span class='ocrx_word' id='word_1_40' title='bbox 97 1042 98 1046; x_wconf 65' lang='lat'>,</span> <span class='ocrx_word' id='word_1_41' title='bbox 216 991 286 1059; x_wconf 89' lang='lat' dir='ltr'>Nec</span> <span class='ocrx_word' id='word_1_42' title='bbox 310 995 461 1080; x_wconf 84' lang='lat' dir='ltr'>spondet,</span> <span class='ocrx_word' id='word_1_43' title='bbox 483 1017 542 1062; x_wconf 85' lang='lat' dir='ltr'>nee</span> <span class='ocrx_word' id='word_1_44' title='bbox 565 997 637 1062; x_wconf 83' lang='lat' dir='ltr'>vult</span> <span class='ocrx_word' id='word_1_45' title='bbox 660 995 801 1078; x_wconf 88' lang='lat' dir='ltr'>credere,</span> <span class='ocrx_word' id='word_1_46' title='bbox 825 995 881 1060; x_wconf 88' lang='lat' dir='ltr'>sed</span> <span class='ocrx_word' id='word_1_47' title='bbox 904 993 1095 1060; x_wconf 84' lang='lat' dir='ltr'>nechabet</span> 
     </span>
    </p>

    <p class='ocr_par' dir='ltr' id='par_1_7' title="bbox 172 1080 1146 1260">
     <span class='ocr_line' id='line_1_9' title="bbox 172 1080 1146 1170; baseline 0.004 -24"><span class='ocrx_word' id='word_1_48' title='bbox 172 1080 284 1148; x_wconf 85' lang='lat' dir='ltr'>Turba</span> <span class='ocrx_word' id='word_1_49' title='bbox 297 1087 408 1149; x_wconf 87' lang='lat' dir='ltr'>tamen</span> <span class='ocrx_word' id='word_1_50' title='bbox 422 1105 489 1150; x_wconf 90' lang='lat' dir='ltr'>non</span> <span class='ocrx_word' id='word_1_51' title='bbox 502 1085 606 1170; x_wconf 86' lang='lat' dir='ltr'>deest,</span> <span class='ocrx_word' id='word_1_52' title='bbox 626 1085 771 1150; x_wconf 89' lang='lat' dir='ltr'>sterilem</span> <span class='ocrx_word' id='word_1_53' title='bbox 787 1105 869 1168; x_wconf 87' lang='lat' dir='ltr'>quae</span> <span class='ocrx_word' id='word_1_54' title='bbox 888 1087 980 1148; x_wconf 90' lang='lat' dir='ltr'>curet</span> <span class='ocrx_word' id='word_1_55' title='bbox 997 1085 1146 1150; x_wconf 88' lang='lat' dir='ltr'>amicum.</span> 
     </span>
     <span class='ocr_line' id='line_1_10' title="bbox 216 1171 1058 1260; baseline 0.002 -24"><span class='ocrx_word' id='word_1_56' title='bbox 216 1171 325 1237; x_wconf 80' lang='lat' dir='ltr'>Eheu!</span> <span class='ocrx_word' id='word_1_57' title='bbox 345 1195 449 1258; x_wconf 85' lang='lat' dir='ltr'>quam</span> <span class='ocrx_word' id='word_1_58' title='bbox 471 1173 583 1240; x_wconf 86' lang='lat' dir='ltr'>fatuae</span> <span class='ocrx_word' id='word_1_59' title='bbox 607 1179 682 1240; x_wconf 91' lang='lat' dir='ltr'>sunt</span> <span class='ocrx_word' id='word_1_60' title='bbox 706 1173 780 1258; x_wconf 89' lang='lat' dir='ltr'>tibi,</span> <span class='ocrx_word' id='word_1_61' title='bbox 802 1171 924 1258; x_wconf 80' lang='lat' dir='ltr'>Rome,</span> <span class='ocrx_word' id='word_1_62' title='bbox 945 1173 1058 1260; x_wconf 84' lang='lat' dir='ltr'>togael</span> 
     </span>
    </p>
   </div>
   <div class='ocr_carea' id='block_1_5' title="bbox 103 1435 1011 3304">
    <p class='ocr_par' dir='ltr' id='par_1_8' title="bbox 171 1435 1011 1527">
     <span class='ocr_line' id='line_1_11' title="bbox 171 1435 1011 1527; baseline 0.002 -25"><span class='ocrx_word' id='word_1_63' title='bbox 171 1435 241 1502; x_wconf 89' lang='lat' dir='ltr'>Nee</span> <span class='ocrx_word' id='word_1_64' title='bbox 265 1436 397 1504; x_wconf 82' lang='lat' dir='ltr'>doctum</span> <span class='ocrx_word' id='word_1_65' title='bbox 421 1439 502 1504; x_wconf 88' lang='lat' dir='ltr'>satis</span> <span class='ocrx_word' id='word_1_66' title='bbox 527 1444 560 1506; x_wconf 88' lang='lat' dir='ltr'>et</span> <span class='ocrx_word' id='word_1_67' title='bbox 583 1460 699 1526; x_wconf 86' lang='lat' dir='ltr'>parum</span> <span class='ocrx_word' id='word_1_68' title='bbox 724 1460 885 1527; x_wconf 83' lang='lat' dir='ltr'>severum,</span> <span class='ocrx_word' id='word_1_69' title='bbox 1007 1445 1011 1451; x_wconf 86' lang='grc'><em>“</em></span> 
     </span>
    </p>

    <p class='ocr_par' dir='ltr' id='par_1_9' title="bbox 171 1525 836 1594">
     <span class='ocr_line' id='line_1_12' title="bbox 171 1525 836 1594; baseline 0.003 -2"><span class='ocrx_word' id='word_1_70' title='bbox 171 1525 234 1592; x_wconf 85' lang='lat' dir='ltr'>Sed</span> <span class='ocrx_word' id='word_1_71' title='bbox 256 1549 324 1592; x_wconf 91' lang='lat' dir='ltr'>non</span> <span class='ocrx_word' id='word_1_72' title='bbox 346 1529 540 1594; x_wconf 88' lang='lat' dir='ltr'>rusticulum</span> <span class='ocrx_word' id='word_1_73' title='bbox 562 1530 661 1594; x_wconf 85' lang='lat' dir='ltr'>nimis</span> <span class='ocrx_word' id='word_1_74' title='bbox 686 1528 836 1594; x_wconf 88' lang='lat' dir='ltr'>libellum</span> 
     </span>
    </p>

    <p class='ocr_par' dir='ltr' id='par_1_10' title="bbox 170 1613 691 1684">
     <span class='ocr_line' id='line_1_13' title="bbox 170 1613 691 1684; baseline 0.006 -5"><span class='ocrx_word' id='word_1_75' title='bbox 170 1613 323 1682; x_wconf 88' lang='lat' dir='ltr'>Facundo</span> <span class='ocrx_word' id='word_1_76' title='bbox 346 1637 420 1682; x_wconf 87' lang='lat' dir='ltr'>mea</span> <span class='ocrx_word' id='word_1_77' title='bbox 442 1617 550 1684; x_wconf 88' lang='lat' dir='ltr'>Plinio</span> <span class='ocrx_word' id='word_1_78' title='bbox 574 1617 691 1682; x_wconf 83' lang='lat' dir='ltr'>Thelia</span> 
     </span>
    </p>

    <p class='ocr_par' dir='ltr' id='par_1_11' title="bbox 143 1703 829 1860">
     <span class='ocr_line' id='line_1_14' title="bbox 169 1703 829 1790; baseline 0.003 -22"><span class='ocrx_word' id='word_1_79' title='bbox 169 1703 187 1768; x_wconf 95' lang='grc' dir='ltr'>Ι</span> <span class='ocrx_word' id='word_1_80' title='bbox 210 1703 331 1789; x_wconf 83' lang='lat' dir='ltr'><strong>perfer:</strong></span> <span class='ocrx_word' id='word_1_81' title='bbox 355 1706 464 1770; x_wconf 85' lang='lat' dir='ltr'>brevis</span> <span class='ocrx_word' id='word_1_82' title='bbox 488 1711 539 1771; x_wconf 88' lang='lat' dir='ltr'>est</span> <span class='ocrx_word' id='word_1_83' title='bbox 561 1707 657 1772; x_wconf 87' lang='lat' dir='ltr'>labor</span> <span class='ocrx_word' id='word_1_84' title='bbox 679 1708 829 1790; x_wconf 85' lang='lat' dir='ltr'>peractae</span> 
     </span>
     <span class='ocr_line' id='line_1_15' title="bbox 143 1793 810 1860; baseline 0.003 -2"><span class='ocrx_word' id='word_1_85' title='bbox 143 1793 287 1858; x_wconf 81' lang='lat' dir='ltr'>5Altum</span> <span class='ocrx_word' id='word_1_86' title='bbox 310 1794 440 1859; x_wconf 85' lang='lat' dir='ltr'>vincere</span> <span class='ocrx_word' id='word_1_87' title='bbox 464 1796 632 1859; x_wconf 76' lang='lat' dir='ltr'>tramitem</span> <span class='ocrx_word' id='word_1_88' title='bbox 655 1793 810 1860; x_wconf 83' lang='lat' dir='ltr'>Suburae.</span> 
     </span>
    </p>

    <p class='ocr_par' dir='ltr' id='par_1_12' title="bbox 170 1881 788 1968">
     <span class='ocr_line' id='line_1_16' title="bbox 170 1881 788 1968; baseline 0.003 -22"><span class='ocrx_word' id='word_1_89' title='bbox 170 1881 245 1948; x_wconf 90' lang='lat' dir='ltr'>Illic</span> <span class='ocrx_word' id='word_1_90' title='bbox 268 1881 400 1967; x_wconf 86' lang='lat' dir='ltr'>Orphea</span> <span class='ocrx_word' id='word_1_91' title='bbox 415 1884 573 1968; x_wconf 51' lang='lat' dir='ltr'>¹protinus</span> <span class='ocrx_word' id='word_1_92' title='bbox 597 1882 720 1948; x_wconf 87' lang='lat' dir='ltr'>videbis</span> <span class='ocrx_word' id='word_1_93' title='bbox 776 1903 788 1918; x_wconf 78' lang='grc'>’-</span> 
     </span>
    </p>

    <p class='ocr_par' dir='ltr' id='par_1_13' title="bbox 170 1969 712 2038">
     <span class='ocr_line' id='line_1_17' title="bbox 170 1969 712 2038; baseline 0 -2"><span class='ocrx_word' id='word_1_94' title='bbox 170 1969 236 2036; x_wconf 88' lang='lat' dir='ltr'>Udi</span> <span class='ocrx_word' id='word_1_95' title='bbox 258 1972 382 2036; x_wconf 84' lang='lat' dir='ltr'>vertice</span> <span class='ocrx_word' id='word_1_96' title='bbox 405 1972 566 2038; x_wconf 87' lang='lat' dir='ltr'>lubricum</span> <span class='ocrx_word' id='word_1_97' title='bbox 589 1971 712 2036; x_wconf 75' lang='lat' dir='ltr'><strong>theatri</strong></span> 
     </span>
    </p>

    <p class='ocr_par' dir='ltr' id='par_1_14' title="bbox 170 2059 809 2146">
     <span class='ocr_line' id='line_1_18' title="bbox 170 2059 809 2146; baseline 0 -22"><span class='ocrx_word' id='word_1_98' title='bbox 170 2059 399 2144; x_wconf 71' lang='lat' dir='ltr'>Mirantesque</span> <span class='ocrx_word' id='word_1_99' title='bbox 418 2060 505 2126; x_wconf 85' lang='lat' dir='ltr'>feras</span> <span class='ocrx_word' id='word_1_100' title='bbox 530 2082 685 2146; x_wconf 85' lang='lat' dir='ltr'>avemque</span> <span class='ocrx_word' id='word_1_101' title='bbox 708 2060 809 2145; x_wconf 61' lang='lat' dir='ltr'>regn,</span> 
     </span>
    </p>

    <p class='ocr_par' dir='ltr' id='par_1_15' title="bbox 129 2147 915 2323">
     <span class='ocr_line' id='line_1_19' title="bbox 169 2147 915 2236; baseline -0.003 -20"><span class='ocrx_word' id='word_1_102' title='bbox 169 2147 314 2234; x_wconf 85' lang='lat' dir='ltr'>Raptum</span> <span class='ocrx_word' id='word_1_103' title='bbox 338 2171 421 2234; x_wconf 86' lang='lat' dir='ltr'>quae</span> <span class='ocrx_word' id='word_1_104' title='bbox 444 2149 579 2236; x_wconf 80' lang='lat' dir='ltr'>Phryga</span> <span class='ocrx_word' id='word_1_105' title='bbox 601 2149 736 2234; x_wconf 84' lang='lat' dir='ltr'>pertulit</span> <span class='ocrx_word' id='word_1_106' title='bbox 759 2147 915 2234; x_wconf 81' lang='lat' dir='ltr'>Tonanti3</span> 
     </span>
     <span class='ocr_line' id='line_1_20' title="bbox 129 2236 742 2323; baseline 0.003 -21"><span class='ocrx_word' id='word_1_107' title='bbox 129 2254 161 2303; x_wconf 81' lang='grc' dir='ltr'>ιο</span> <span class='ocrx_word' id='word_1_108' title='bbox 170 2236 245 2303; x_wconf 91' lang='lat' dir='ltr'>Illic</span> <span class='ocrx_word' id='word_1_109' title='bbox 268 2260 371 2323; x_wconf 82' lang='lat' dir='ltr'>parve</span> <span class='ocrx_word' id='word_1_110' title='bbox 393 2238 443 2302; x_wconf 87' lang='lat' dir='ltr'>tui</span> <span class='ocrx_word' id='word_1_111' title='bbox 466 2239 580 2303; x_wconf 86' lang='lat' dir='ltr'>domus</span> <span class='ocrx_word' id='word_1_112' title='bbox 594 2238 742 2304; x_wconf 51' lang='lat' dir='ltr'>¹Pedonis</span> 
     </span>
    </p>

    <p class='ocr_par' dir='ltr' id='par_1_16' title="bbox 171 2325 814 2412">
     <span class='ocr_line' id='line_1_21' title="bbox 171 2325 814 2412; baseline 0.002 -20"><span class='ocrx_word' id='word_1_113' title='bbox 171 2325 307 2392; x_wconf 85' lang='lat' dir='ltr'>Caelata</span> <span class='ocrx_word' id='word_1_114' title='bbox 330 2332 381 2392; x_wconf 87' lang='lat' dir='ltr'>est</span> <span class='ocrx_word' id='word_1_115' title='bbox 404 2328 533 2412; x_wconf 84' lang='lat' dir='ltr'>aquilae</span> <span class='ocrx_word' id='word_1_116' title='bbox 557 2327 682 2401; x_wconf 85' lang='lat' dir='ltr'>minore</span> <span class='ocrx_word' id='word_1_117' title='bbox 705 2327 814 2410; x_wconf 83' lang='lat' dir='ltr'>pinna.</span> 
     </span>
    </p>

    <p class='ocr_par' dir='ltr' id='par_1_17' title="bbox 170 2414 818 2500">
     <span class='ocr_line' id='line_1_22' title="bbox 170 2414 818 2500; baseline 0.002 -20"><span class='ocrx_word' id='word_1_118' title='bbox 170 2414 234 2480; x_wconf 84' lang='lat' dir='ltr'>Sed</span> <span class='ocrx_word' id='word_1_119' title='bbox 257 2437 297 2480; x_wconf 87' lang='lat' dir='ltr'>ne</span> <span class='ocrx_word' id='word_1_120' title='bbox 320 2419 469 2500; x_wconf 90' lang='lat' dir='ltr'>tempore</span> <span class='ocrx_word' id='word_1_121' title='bbox 491 2439 566 2480; x_wconf 79' lang='lat' dir='ltr'>non·</span> <span class='ocrx_word' id='word_1_122' title='bbox 580 2421 637 2481; x_wconf 90' lang='lat' dir='ltr'>tuo</span> <span class='ocrx_word' id='word_1_123' title='bbox 661 2415 818 2481; x_wconf 85' lang='lat' dir='ltr'>disertam</span> 
     </span>
    </p>

    <p class='ocr_par' dir='ltr' id='par_1_18' title="bbox 169 2501 715 2586">
     <span class='ocr_line' id='line_1_23' title="bbox 169 2501 715 2586; baseline 0 -19"><span class='ocrx_word' id='word_1_124' title='bbox 169 2503 285 2570; x_wconf 88' lang='lat' dir='ltr'>Pulses</span> <span class='ocrx_word' id='word_1_125' title='bbox 310 2501 402 2570; x_wconf 76' lang='lat' dir='ltr'>ebria</span> <span class='ocrx_word' id='word_1_126' title='bbox 423 2505 569 2586; x_wconf 86' lang='lat' dir='ltr'>ianuam,</span> <span class='ocrx_word' id='word_1_127' title='bbox 591 2503 715 2570; x_wconf 78' lang='lat' dir='ltr'>videto:</span> 
     </span>
    </p>

    <p class='ocr_par' dir='ltr' id='par_1_19' title="bbox 103 2593 887 2856">
     <span class='ocr_line' id='line_1_24' title="bbox 169 2593 887 2676; baseline -0.004 -18"><span class='ocrx_word' id='word_1_128' title='bbox 169 2593 270 2658; x_wconf 80' lang='lat' dir='ltr'>Totos</span> <span class='ocrx_word' id='word_1_129' title='bbox 294 2593 351 2658; x_wconf 87' lang='lat' dir='ltr'>dat</span> <span class='ocrx_word' id='word_1_130' title='bbox 374 2593 510 2658; x_wconf 82' lang='lat' dir='ltr'>tetricae</span> <span class='ocrx_word' id='word_1_131' title='bbox 527 2593 601 2658; x_wconf 84' lang='lat' dir='ltr'>dies</span> <span class='ocrx_word' id='word_1_132' title='bbox 619 2593 803 2676; x_wconf 82' lang='lat' dir='ltr'>Minervae,</span> <span class='ocrx_word' id='word_1_133' title='bbox 884 2614 887 2619; x_wconf 92' lang='lat'>·</span> 
     </span>
     <span class='ocr_line' id='line_1_25' title="bbox 128 2679 868 2747; baseline -0.001 -1"><span class='ocrx_word' id='word_1_134' title='bbox 128 2697 159 2747; x_wconf 78' lang='lat'>15</span> <span class='ocrx_word' id='word_1_135' title='bbox 169 2681 256 2747; x_wconf 92' lang='lat' dir='ltr'>Dum</span> <span class='ocrx_word' id='word_1_136' title='bbox 281 2686 412 2747; x_wconf 87' lang='lat' dir='ltr'>centum</span> <span class='ocrx_word' id='word_1_137' title='bbox 435 2683 545 2747; x_wconf 87' lang='lat' dir='ltr'>studet</span> <span class='ocrx_word' id='word_1_138' title='bbox 569 2682 700 2746; x_wconf 87' lang='lat' dir='ltr'>auribus</span> <span class='ocrx_word' id='word_1_139' title='bbox 723 2679 868 2746; x_wconf 89' lang='lat' dir='ltr'>virorum</span> 
     </span>
     <span class='ocr_line' id='line_1_26' title="bbox 103 2769 867 2856; baseline -0.003 -20"><span class='ocrx_word' id='word_1_140' title='bbox 103 2772 107 2778; x_wconf 84' lang='grc'><strong>’</strong></span> <span class='ocrx_word' id='word_1_141' title='bbox 171 2771 241 2836; x_wconf 89' lang='lat' dir='ltr'>Hoe</span> <span class='ocrx_word' id='word_1_142' title='bbox 266 2772 351 2854; x_wconf 91' lang='lat' dir='ltr'>qued</span> <span class='ocrx_word' id='word_1_143' title='bbox 376 2771 507 2836; x_wconf 86' lang='lat' dir='ltr'>saecula</span> <span class='ocrx_word' id='word_1_144' title='bbox 528 2771 716 2856; x_wconf 83' lang='lat' dir='ltr'>posterique</span> <span class='ocrx_word' id='word_1_145' title='bbox 738 2769 867 2854; x_wconf 86' lang='lat' dir='ltr'>possint</span> 
     </span>
    </p>

    <p class='ocr_par' dir='ltr' id='par_1_20' title="bbox 169 2857 825 2946">
     <span class='ocr_line' id='line_1_27' title="bbox 169 2857 825 2946; baseline 0 -22"><span class='ocrx_word' id='word_1_146' title='bbox 169 2859 303 2945; x_wconf 78' lang='lat' dir='ltr'>Arpinis</span> <span class='ocrx_word' id='word_1_147' title='bbox 328 2881 456 2946; x_wconf 88' lang='lat' dir='ltr'>quoquc</span> <span class='ocrx_word' id='word_1_148' title='bbox 480 2881 670 2944; x_wconf 86' lang='lat' dir='ltr'>comparare</span> <span class='ocrx_word' id='word_1_149' title='bbox 694 2857 825 2926; x_wconf 85' lang='lat' dir='ltr'>chartis.</span> 
     </span>
    </p>

    <p class='ocr_par' dir='ltr' id='par_1_21' title="bbox 127 2946 906 3213">
     <span class='ocr_line' id='line_1_28' title="bbox 171 2946 777 3014; baseline -0.002 -2"><span class='ocrx_word' id='word_1_150' title='bbox 171 2946 273 3014; x_wconf 50' lang='lat' dir='ltr'>Seras*</span> <span class='ocrx_word' id='word_1_151' title='bbox 291 2949 395 3014; x_wconf 89' lang='lat' dir='ltr'>tutior</span> <span class='ocrx_word' id='word_1_152' title='bbox 418 2948 481 3014; x_wconf 88' lang='lat' dir='ltr'>ibis</span> <span class='ocrx_word' id='word_1_153' title='bbox 506 2949 548 3014; x_wconf 86' lang='lat' dir='ltr'>ad</span> <span class='ocrx_word' id='word_1_154' title='bbox 570 2950 731 3014; x_wconf 86' lang='lat' dir='ltr'>lucernas:</span> <span class='ocrx_word' id='word_1_155' title='bbox 776 2965 777 2968; x_wconf 73' lang='grc'>’</span> 
     </span>
     <span class='ocr_line' id='line_1_29' title="bbox 149 3033 896 3124; baseline -0.003 -22"><span class='ocrx_word' id='word_1_156' title='bbox 149 3035 259 3102; x_wconf 51' lang='lat' dir='ltr'>¹Haec</span> <span class='ocrx_word' id='word_1_157' title='bbox 281 3037 364 3103; x_wconf 89' lang='lat' dir='ltr'>hora</span> <span class='ocrx_word' id='word_1_158' title='bbox 387 3043 438 3103; x_wconf 89' lang='lat' dir='ltr'>est</span> <span class='ocrx_word' id='word_1_159' title='bbox 461 3042 533 3124; x_wconf 84' lang='lat' dir='ltr'>tua,</span> <span class='ocrx_word' id='word_1_160' title='bbox 556 3059 629 3102; x_wconf 89' lang='lat' dir='ltr'>cum</span> <span class='ocrx_word' id='word_1_161' title='bbox 653 3037 732 3102; x_wconf 82' lang='lat' dir='ltr'>furit</span> <span class='ocrx_word' id='word_1_162' title='bbox 754 3033 896 3120; x_wconf 85' lang='lat' dir='ltr'>Lyaeus,</span> 
     </span>
     <span class='ocr_line' id='line_1_30' title="bbox 127 3123 906 3213; baseline 0 -23"><span class='ocrx_word' id='word_1_163' title='bbox 127 3141 160 3191; x_wconf 77' lang='lat'>20</span> <span class='ocrx_word' id='word_1_164' title='bbox 171 3123 253 3192; x_wconf 85' lang='lat' dir='ltr'>Cum</span> <span class='ocrx_word' id='word_1_165' title='bbox 276 3131 396 3213; x_wconf 86' lang='lat' dir='ltr'>regnat</span> <span class='ocrx_word' id='word_1_166' title='bbox 417 3149 506 3210; x_wconf 86' lang='lat' dir='ltr'>rosa,</span> <span class='ocrx_word' id='word_1_167' title='bbox 530 3149 604 3208; x_wconf 85' lang='lat' dir='ltr'>cum</span> <span class='ocrx_word' id='word_1_168' title='bbox 627 3126 759 3192; x_wconf 84' lang='lat' dir='ltr'>madent</span> <span class='ocrx_word' id='word_1_169' title='bbox 780 3123 906 3208; x_wconf 74' lang='lat' dir='ltr'>capillis</span> 
     </span>
    </p>

    <p class='ocr_par' dir='ltr' id='par_1_22' title="bbox 165 3213 844 3304">
     <span class='ocr_line' id='line_1_31' title="bbox 165 3213 844 3304; baseline -0.001 -25"><span class='ocrx_word' id='word_1_170' title='bbox 165 3213 260 3280; x_wconf 69' lang='lat' dir='ltr'>ll&#39;une</span> <span class='ocrx_word' id='word_1_171' title='bbox 283 3237 335 3281; x_wconf 86' lang='lat' dir='ltr'>me</span> <span class='ocrx_word' id='word_1_172' title='bbox 358 3216 410 3281; x_wconf 86' lang='lat' dir='ltr'>vel</span> <span class='ocrx_word' id='word_1_173' title='bbox 434 3216 532 3302; x_wconf 85' lang='lat' dir='ltr'>rigidi</span> <span class='ocrx_word' id='word_1_174' title='bbox 556 3217 671 3304; x_wconf 82' lang='lat' dir='ltr'>legant</span> <span class='ocrx_word' id='word_1_175' title='bbox 693 3213 844 3280; x_wconf 84' lang='lat' dir='ltr'>Catones.</span> 
     </span>
    </p>
   </div>
   <div class='ocr_carea' id='block_1_6' title="bbox 54 3373 1084 3658">
    <p class='ocr_par' dir='ltr' id='par_1_23' title="bbox 54 3373 1084 3658">
     <span class='ocr_line' id='line_1_32' title="bbox 54 3373 1084 3567; baseline -0.002 -20"><span class='ocrx_word' id='word_1_176' title='bbox 54 3474 65 3483; x_wconf 80' lang='grc'><strong>’</strong></span> <span class='ocrx_word' id='word_1_177' title='bbox 166 3481 268 3547; x_wconf 82' lang='lat' dir='ltr'>Ducit</span> <span class='ocrx_word' id='word_1_178' title='bbox 291 3482 332 3548; x_wconf 89' lang='lat' dir='ltr'>ad</span> <span class='ocrx_word' id='word_1_179' title='bbox 357 3483 515 3548; x_wconf 82' lang='lat' dir='ltr'>auriferas</span> <span class='ocrx_word' id='word_1_180' title='bbox 540 3373 701 3567; x_wconf 67' lang='lat' dir='ltr'>quodxrie</span> <span class='ocrx_word' id='word_1_181' title='bbox 726 3477 803 3546; x_wconf 82' lang='lat' dir='ltr'>Salo</span> <span class='ocrx_word' id='word_1_182' title='bbox 828 3476 973 3545; x_wconf 86' lang='lat' dir='ltr'>Celtiber</span> <span class='ocrx_word' id='word_1_183' title='bbox 996 3499 1084 3566; x_wconf 85' lang='lat' dir='ltr'>oras,</span> 
     </span>
     <span class='ocr_line' id='line_1_33' title="bbox 213 3567 973 3658; baseline -0.001 -23"><span class='ocrx_word' id='word_1_184' title='bbox 213 3569 360 3638; x_wconf 84' lang='lat' dir='ltr'>Pendula</span> <span class='ocrx_word' id='word_1_185' title='bbox 384 3573 471 3658; x_wconf 87' lang='lat' dir='ltr'>quod</span> <span class='ocrx_word' id='word_1_186' title='bbox 493 3572 619 3658; x_wconf 86' lang='lat' dir='ltr'>patriae</span> <span class='ocrx_word' id='word_1_187' title='bbox 642 3573 746 3638; x_wconf 85' lang='lat' dir='ltr'>visere</span> <span class='ocrx_word' id='word_1_188' title='bbox 769 3571 856 3634; x_wconf 85' lang='lat' dir='ltr'>tecta</span> <span class='ocrx_word' id='word_1_189' title='bbox 878 3567 973 3654; x_wconf 85' lang='lat' dir='ltr'>libet,</span> 
     </span>
    </p>
   </div>
   <div class='ocr_carea' id='block_1_7' title="bbox 0 0 1302 4034">
    <p class='ocr_par' dir='ltr' id='par_1_24' title="bbox 0 0 1302 4034">
     <span class='ocr_line' id='line_1_34' title="bbox 0 0 1302 4034; baseline 0 6"><span class='ocrx_word' id='word_1_190' title='bbox 0 0 1302 4034; x_wconf 95' lang='lat' dir='ltr'> </span> 
     </span>
    </p>
   </div>
  </div>
 </body>
</html>
