2528 4038
374 239 672 298 EPIGRAMMATON
690 241 756 300 LlB.
776 241 837 300 Vll.
1050 243 1114 310 149

544 403 663 474 XCIII.

123 501 222 568 Tani
243 504 330 569 male
353 501 454 569 Thais
479 504 561 590 olet,
585 527 682 591 quam
705 525 773 572 non
796 504 931 574 fullonis
956 507 1047 574 avari

178 592 280 658 Testa
302 597 412 678 vetus,
435 593 542 660 media
565 595 621 660 sed
644 594 742 660 modo
765 596 870 662 fracta
892 595 961 680 ria,

122 679 214 748 Non
236 682 278 748 ah
302 703 412 748 amore
436 705 548 750 recens
572 683 695 769 hircus,
717 706 784 750 uon
808 707 866 752 ora
888 685 1008 765 leonis,

1 767 2 778 ’
180 769 257 836 Non
281 771 427 836 detracta
450 772 525 838 cani
547 773 784 841 transtiberina
807 775 906 862 eutis,

93 859 252 926 5Pullus
275 861 426 926 abortIvo
449 883 509 928 nec
531 883 605 929 oum
627 865 789 950 putrescit
812 865 847 930 in
869 885 946 949 ovo,

179 949 352 1034 Amphora
375 954 529 1036 corrupto
552 973 612 1018 nec
635 952 751 1018 vitiata
775 974 865 1040 garo.

1 1049 2 1066 ¹
124 1037 236 1104 Virus
259 1043 297 1106 ut
319 1039 382 1105 hoc
406 1039 472 1105 olio
496 1039 599 1106 fallax
621 1045 786 1128 permutet
809 1041 920 1127 odore,
1017 1077 1020 1084 ·

178 1125 341 1212 Deposita
364 1127 514 1213 quotiens
538 1129 657 1196 balnea
680 1133 771 1196 veste
794 1133 892 1215 petIt,

1 1209 2 1278 ἶ
126 1216 304 1282 Psilothro
328 1217 413 1282 viret
436 1221 494 1283 aut
517 1219 610 1285 acida
632 1219 717 1285 latet
740 1219 845 1286 oblita
868 1222 958 1286 creta
1045 1247 1048 1250 ·

80 1325 115 1373 ιο
178 1306 251 1371 Aut
273 1305 399 1393 tegitur
421 1307 536 1391 pingui
562 1313 672 1394 terque
696 1313 875 1395 quaterque
898 1307 985 1375 faba.

1 1469 2 1472 Ἴ
129 1393 220 1462 Cum
242 1395 324 1460 hene
348 1416 383 1460 se
406 1399 512 1462 tutam
537 1418 595 1481 per
617 1397 749 1463 fraudes
772 1397 863 1464 mille
887 1397 1029 1484 putavit,

180 1482 301 1550 Omnia
324 1505 398 1550 cum
420 1483 511 1569 iecit,
533 1485 660 1552 Thaida
683 1485 784 1552 Thais
809 1487 885 1554 olet.

545 1625 661 1693 XCIV.

129 1725 309 1791 Ponuntur
332 1743 462 1808 semper
483 1723 701 1810 chrysendeta
723 1722 917 1810 Calpetiano
990 1745 991 1748 ¹

182 1810 257 1878 Sive
279 1811 378 1898 ioris,
402 1834 459 1878 seu
482 1835 557 1878 cum
580 1817 674 1879 cenat
697 1813 732 1878 in
754 1814 834 1879 urbe
858 1811 954 1878 domi.

1 1903 2 1946 Ὗ
130 1901 192 1968 Sic
215 1901 316 1966 etiam
338 1902 373 1966 in
396 1901 528 1967 stabulo
553 1923 694 1988 semper,
718 1902 764 1968 sic
787 1906 883 1970 cenat
905 1901 940 1966 in
963 1921 1053 1987 agro.
1111 1963 1112 1967 ,

182 1988 260 2056 Non
282 1989 383 2055 hahet
406 2011 485 2078 ergo
510 1990 620 2057 aliud?
659 1989 736 2057 Non
758 1990 860 2056 hahet
882 1992 983 2056 immo
1007 2011 1110 2057 suum.

522 2185 683 2197 ῌ

367 2348 414 2422 u.
443 2347 552 2422 vlu.
580 2289 842 2423 urrunnu

195 2453 197 2456 Ι
288 2523 905 2626 ΈΡΙΘΒΑΜΜΑΤΟΝ

489 2735 622 2802 LIBER
643 2733 718 2802 VII.

591 2911 617 2979 Ι.

1 3033 2 3086 l
135 3009 259 3096 Accipe
283 3010 461 3098 belligerae
485 3011 620 3078 crudum
643 3010 780 3077 thoraca
801 3011 981 3100 Minervae,

1 3095 2 3124 ³
182 3099 261 3185 Ipsa
283 3099 477 3167 Medusaeae
501 3123 598 3188 quem
620 3101 716 3166 timet
739 3099 789 3166 ira
813 3123 932 3169 comae.

135 3189 224 3255 Dum
248 3194 356 3274 vacat,
379 3189 474 3274 haec,
498 3189 633 3274 Caesar,
655 3189 778 3275 poterit
801 3189 902 3255 lorica
925 3188 1048 3257 vocari:

181 3277 318 3344 Pectore
341 3301 415 3345 cum
439 3300 530 3345 sacro
555 3277 688 3363 sederit,
713 3276 802 3364 aegis
825 3278 897 3343 erit.

582 3418 625 3486 ΙΙ.

134 3517 230 3584 Invia
253 3516 444 3585 Sarmaticis
468 3518 592 3584 domini
615 3519 718 3584 lorIoa
742 3517 874 3602 sagittis

71 3621 72 3626 ’
180 3607 228 3684 Et
250 3606 367 3673 Martis
392 3606 506 3674 Getico
530 3613 661 3693 tergore
684 3604 750 3671 fida
773 3607 892 3693 magis,
