2596 4034
358 217 661 276 EPIGRAMMATON
679 217 746 276 LlB.
767 219 840 276 VHL
1051 222 1114 289 193

105 381 252 466 aCurra,
276 403 351 470 age,
375 386 409 448 et
432 382 555 449 inlotos
579 404 710 468 revoca,
734 381 884 468 Calliste,
909 379 1090 469 ministros;

183 469 379 537 Sternantur
402 471 493 538 lecti:
517 470 714 556 Caeciliana,
739 471 823 538 sede.

135 559 274 628 Caldam
297 561 406 647 poscis
431 583 564 646 aquam:
592 561 737 627 nondum
760 561 843 626 mihi
865 559 986 648 frigida
1008 563 1113 648 venit,

183 649 285 736 Alget
308 648 414 717 adhue
437 651 523 716 nudo
548 652 639 716 clusa
662 649 771 717 eulina
793 650 893 732 loeo„
952 714 964 721 -

133 738 234 804 Mane
257 737 332 805 veni
355 739 480 825 potius,
504 760 582 805 nam
606 762 663 806 cur
685 744 718 805 te
742 740 862 826 quinta·
880 739 1048 808 moretur?

88 845 124 894 ιο
182 826 230 894 Ut
252 827 371 913 iantes,
396 849 482 913 sero,
506 826 702 915 Caeciliano,
724 828 826 896 venia.

32 1042 36 1048 ,
531 969 681 1037 LXVIII.

137 1067 205 1144 Qui
227 1065 401 1153 Corcyraei
423 1067 507 1134 vidit
528 1069 677 1154 pomaria
700 1071 804 1158 regis,

183 1156 267 1242 Rus,
285 1157 432 1242 Entella,
454 1162 531 1222 tuae
554 1157 717 1242 praeferet
740 1159 797 1224 ille
821 1158 946 1226 domus.

135 1245 254 1310 Invida
276 1267 458 1332 purpureos
481 1249 558 1310 urat
580 1268 620 1310 na
644 1245 761 1312 brume
783 1269 929 1314 racemos

184 1335 229 1399 Et
251 1335 396 1420 gelidum
420 1334 543 1401 Bacchi
565 1356 701 1400 munera
722 1335 827 1423 frigus
852 1336 940 1421 edat,
1029 1415 1031 1418 ¹
1061 1350 1063 1355 ’

107 1421 280 1490 aCondita
302 1423 475 1510 perspicua
498 1423 581 1490 vivit
603 1423 767 1490 vindemia
791 1447 935 1512 gemma,

183 1513 230 1578 Et
252 1513 374 1599 tegitur
397 1513 475 1578 felix
498 1535 558 1578 nee
581 1516 691 1578 tamen
714 1535 777 1578 uva
800 1513 895 1580 latet:

16 1599 19 1708 l
137 1599 329 1668 Femineum
352 1603 440 1668 lueet
463 1603 509 1666 sic
532 1623 590 1687 per
613 1601 809 1686 bombycina
832 1624 965 1688 corpur,

185 1689 336 1758 Calculus
360 1690 395 1754 in
417 1689 522 1754 nitida
545 1690 592 1755 sic
614 1695 807 1756 numeratur
829 1713 922 1776 aqua.

141 1777 226 1856 Quid
248 1801 316 1845 non
338 1778 471 1866 ingenio
496 1778 602 1844 voluit
624 1783 743 1844 natura
765 1779 885 1846 licere?

16 1923 17 1970 ,
89 1886 124 1933 10
185 1867 388 1934 Autumnum
412 1867 532 1934 sterilis
556 1866 640 1933 ferre
664 1867 793 1934 iubetur
811 1868 944 1948 hiems.-

548 2007 664 2076 Lxln

138 2107 271 2174 Miraris
294 2110 435 2191 veteres,
457 2105 617 2192 Vacerra,
640 2107 742 2192 solos,
765 2185 770 2195 ,

138 2195 209 2262 Neo
232 2196 346 2262 laudas
370 2197 434 2262 nisi
457 2200 605 2262 mortuos
629 2201 753 2281 poetas.

137 2285 297 2370 Ignoscas
321 2286 478 2372 petimus,
500 2284 659 2350 Vacerra:
682 2285 767 2350 tanti
882 2275 889 2290 ”

138 2373 217 2441 Non
241 2379 306 2461 est,
328 2379 366 2442 ut
387 2376 536 2461 placeam
559 2373 635 2458 tibi,
657 2375 773 2460 perire.

504 2539 505 2542 Ν
544 2521 655 2608 ΠΧ.

16 2679 17 2682 ,
139 2621 271 2700 Quanta
294 2623 386 2710 quies
409 2621 547 2710 placidi,
567 2626 661 2688 tanta
685 2625 735 2687 est
757 2621 909 2688 facundia
930 2620 1073 2706 Nervae,

187 2711 250 2778 Sed
274 2713 406 2780 cohibet
429 2711 515 2778 vires
539 2711 768 2796 ingeniumque
791 2711 904 2798 pudor.
999 2781 1006 2790 ,

16 2831 33 2890 j·
140 2799 222 2868 Cum
246 2803 366 2869 siccare
389 2823 516 2867 sacram
539 2799 633 2886 largo
656 2799 861 2867 Permessida
883 2803 997 2889 posset

16 2969 17 2984 χ
112 2963 114 2966 ,
185 2890 263 2976 Ore,
286 2889 501 2957 verecundam
525 2889 643 2954 maluit
666 2910 736 2954 esse
760 2889 863 2974 sitim,

16 2985 18 3024 ³
111 2977 280 3046 5Piariam
304 2980 396 3046 tenui
419 2981 562 3046 frontem
584 2977 735 3042 redimire
759 2999 878 3045 corona

16 3129 17 3144 ,
185 3067 380 3153 Contentus,
402 3069 510 3134 famae
534 3088 593 3133 nac
616 3067 692 3132 dare
715 3067 790 3130 vela
813 3089 899 3132 suae.

16 3199 17 3224 t
141 3157 205 3224 Sed
227 3164 339 3225 tamen
354 3159 443 3225 'hunc
461 3157 567 3224 nostri
586 3157 648 3222 soit
666 3155 823 3240 temporis
843 3177 914 3222 esse
932 3153 1112 3234 Tibullum,

16 3281 17 3286 ¹
115 3265 118 3268 ·
186 3245 341 3314 Carmina
365 3249 420 3334 qui
444 3247 532 3313 docti
555 3251 634 3312 nota
658 3243 799 3309 Neronis
822 3243 933 3311 habet.

548 3395 663 3464 LXXI.

16 3551 17 3556 ,
141 3495 303 3580 Quattuor
326 3495 455 3583 argenti
477 3495 580 3563 libras
604 3493 686 3561 mihi
709 3497 856 3580 ternpore
878 3494 1016 3561 brumae

16 3575 17 3592 ¹
185 3585 306 3651 Misisti
331 3593 406 3650 ante
431 3583 940 3668 annos,Postuu1iane,deoen1,

148 3699 229 3742 Maur.
810 3708 813 3712 ·
918 3693 952 3744 1³
