2610 4048
397 207 697 266 EPIGRAMMATON
715 207 834 268 multu.
1104 207 1127 274 5

542 371 636 458 xvi,
657 371 688 438 u.

146 480 292 546 Venerat
313 477 469 566 Europen
490 479 638 546 fraterna
659 499 719 566 per
742 499 885 566 aequora
909 478 1035 546 taurus:

151 611 153 614 -
192 572 239 636 At
261 589 348 636 nunc
370 568 508 636 Alciden
531 573 644 634 taurus
669 571 703 634 in
726 573 818 634 astra
839 569 927 635 tulit.

147 657 298 727 Caesaris
323 663 421 745 atque
444 657 534 724 iovis
558 655 669 724 confer
686 679 786 743 nuuc,
804 656 907 737 famu,
929 657 1096 724 iuvencos:

156 791 157 794 =
192 747 258 814 Par
281 768 363 814 onus
386 751 425 814 ut
447 747 597 842 tulerint,
620 745 720 813 ultius
744 747 807 814 iste
830 747 919 814 tulit

147 996 243 1075 Quod
266 997 339 1084 pius
363 1001 398 1063 et
422 887 717 1082 supplexXelielpihas
740 973 787 1082 te,
810 993 945 1080 Caesar,
968 994 1085 1062 adorat

3 1095 5 1130 ³
112 1141 113 1144 ,
193 1086 257 1153 Hic
280 1085 378 1152 modo
402 1086 458 1173 qui
480 1091 577 1152 tauro
600 1089 671 1153 tam
694 1083 888 1151 metuendus
911 1087 997 1168 erut,
1086 1151 1089 1158 ,

146 1174 227 1244 Non
249 1176 330 1242 facit
352 1174 415 1242 hoc
439 1175 547 1244 iussus
570 1173 725 1258 nulloque
747 1173 883 1240 docente
907 1174 1081 1261 magistro:

194 1263 297 1332 Crede
320 1263 416 1349 mihi,
437 1267 589 1331 nostrum
613 1264 715 1330 sentit
737 1267 771 1329 et
793 1263 852 1330 ille
874 1263 980 1330 deum.

559 1393 682 1464 XVIII.

147 1495 310 1564 Lcmbere
334 1496 439 1563 securi
463 1493 612 1562 dextram
636 1498 793 1560 consuetu
816 1492 967 1580 magistri

195 1585 320 1674 lignis,
343 1586 385 1650 ab
409 1583 565 1669 Hyrcano
588 1583 696 1670 gloria
717 1605 794 1648 rura
815 1581 909 1669 iugc,
995 1603 1000 1609 ·

149 1674 257 1742 Saeva
279 1673 386 1739 ferum
408 1673 522 1739 rabido
546 1671 704 1738 laceravit
726 1672 822 1737 dente
845 1671 988 1737 leonem:

196 1764 261 1829 Res
284 1783 384 1847 nova,
405 1783 472 1828 non
494 1762 573 1828 ullis
597 1761 730 1850 cognita
752 1759 965 1846 temporibus.

4 1859 5 1866 ’
120 1854 244 1920 uAusa
268 1857 318 1917 est
340 1851 408 1916 tale
431 1851 529 1930 nihil,
552 1849 645 1915 silvis
669 1849 745 1915 dum
769 1847 852 1913 vixit
874 1849 909 1913 in
932 1847 1024 1913 altis:

196 1941 378 2027 Postquam
400 1939 487 2006 inter
509 1959 571 2004 nos
595 1942 659 2024 est,
682 1939 757 2024 plue
780 1936 925 2004 feritatis
948 1937 1058 2002 hebet

577 2077 665 2146 XIX

109 2271 111 2274 Ι
149 2188 216 2268 Qui
240 2187 336 2255 modo
360 2209 419 2274 per
446 2191 553 2254 totum
581 2186 723 2252 flammis
752 2185 942 2252 stimulatus
970 2185 1128 2252 herenam

99 2307 103 2318 ¹
198 2276 385 2344 Sustulerut
407 2280 520 2362 raptas
544 2280 658 2341 taurus
682 2275 716 2340 in
740 2279 831 2341 astru
853 2275 952 2360 pilus,

149 2367 313 2434 Occubuit
335 2365 470 2432 tandem
492 2387 594 2430 cornu
617 2363 739 2441 maiore
762 2366 901 2452 petitus,

197 2455 286 2522 Dum
308 2453 439 2521 facilem
462 2453 539 2520 tolli
562 2455 609 2520 sic
632 2452 809 2540 elephanta
830 2455 937 2540 putat

585 2594 655 2662 XX.

151 2703 237 2785 (lum
245 2706 374 2792 peteret
383 2725 459 2790 pars
470 2697 550 2769 haec
559 2700 733 2787 Myrinum,
743 2723 820 2786 pars
834 2700 894 2766 illu
903 2700 1129 2789 Triumphum,

198 2792 356 2860 Promisit
378 2793 503 2880 puriter
526 2787 647 2856 Caesa-r
669 2794 807 2876 utraque
831 2811 939 2857 manu.

149 2882 231 2950 Non
253 2883 365 2969 potuit
386 2881 505 2948 melius
529 2881 623 2945 litem
646 2879 739 2944 finire
762 2880 915 2946 iocosam.
988 2919 992 2930 ·

199 2971 226 3039 Ο
250 2972 343 3038 dulce
365 2971 480 3037 invicti
502 2969 660 3056 principis
682 2969 863 3056 ingeniuml

579 3109 666 3176 XXI.

151 3218 319 3306 Quidquid
341 3219 377 3286 iu
400 3217 543 3306 Orpheo-
555 3217 714 3303 Rhodope
738 3219 904 3302 spectasse
927 3219 1058 3286 theatro
1184 3235 1187 3238 ·

196 3309 341 3393 Dicitur,
364 3309 525 3387 exhibuit,
550 3307 685 3389 Caesar,
707 3306 831 3372 harena
853 3309 925 3374 tibi.

149 3399 340 3484 Repserunt
364 3397 490 3484 scopuli
513 3397 726 3480 mirandaque
751 3397 835 3464 silve
857 3398 1013 3482 cucurrit,

198 3487 304 3568 Quale
328 3487 431 3554 fuisse
454 3507 569 3552 nemus
594 3487 737 3552 creditur
759 3485 987 3572 Hesperidum.

122 3577 270 3644 cztdfuit
292 3576 467 3642 inmixtum
489 3575 602 3664 pecori
624 3595 727 3662 genus
751 3595 847 3640 omne
870 3573 1013 3641 ferarum

1299 175 1301 258 l
