2596 4032
376 239 677 298 serenissimos
695 239 763 298 ms.
783 241 829 298 xr.
1049 241 1112 308 217
1191 223 1194 229 ’

522 374 683 470 Lxxxu
780 370 786 380 ’

139 507 250 575 Sidere
273 533 430 596 percussa
453 515 504 576 est
527 512 637 578 subito
662 511 737 597 tibi,
761 511 865 598 Zoile,
888 511 1016 599 lingua,

182 599 271 666 Dum
294 601 403 685 lingis.
440 598 551 685 Certe,
575 599 680 686 Zoile,
703 623 789 668 nune
811 601 929 668 futues.

515 741 694 808 LXXXVI.

137 846 256 913 Leniat
278 851 316 913 ut
339 848 449 914 fauces
472 849 630 932 medicus,
653 871 735 935 quas
758 871 874 935 aspera
897 855 994 917 vexat

183 935 327 1002 Adsidue
350 939 467 1022 tussis,
490 938 752 1023 Parthenopaeo,
776 939 851 1022 tibi,

137 1025 239 1090 Mella
262 1025 333 1090 dari
355 1029 551 1112 nucleosque
574 1028 666 1092 iubet
688 1027 863 1111 dulcesque
886 1029 1053 1112 placentas

183 1112 231 1178 Et
254 1115 411 1200 quidquid
434 1139 552 1201 pueros
575 1139 642 1181 non
665 1117 745 1181 sinit
768 1137 839 1180 esse
862 1120 980 1184 truces.

110 1203 186 1268 5At
208 1205 244 1267 tu
267 1225 465 1270 noncessas
489 1206 568 1271 lotis
592 1204 712 1270 tussire
736 1204 859 1269 diebus.

183 1290 261 1358 Non
284 1296 335 1358 est
358 1293 438 1360 haec
461 1294 576 1372 tussis,
599 1293 861 1379 Parthenopaee,
885 1295 965 1381 gula
988 1297 1047 1362 est.

507 1451 703 1519 LXXXVII.

15 1599 16 1602 =
136 1557 239 1624 Dives
263 1581 336 1625 eras
361 1559 539 1644 quondam:
564 1560 620 1625 sed
643 1563 721 1625 tunc
744 1560 879 1645 paedico
902 1560 1009 1648 fuisti,

183 1647 229 1712 Et
252 1647 315 1713 tibi
337 1648 430 1713 nulla
453 1648 509 1714 diu
531 1649 657 1714 femina
679 1653 761 1714 nota
783 1648 855 1714 luit.

136 1733 234 1802 Nunc
257 1737 393 1802 sectaris
418 1757 509 1802 anus.
546 1737 573 1803 Ο
598 1742 758 1821 quantum
782 1739 873 1824 cogit
896 1739 1039 1824 egestas!

183 1823 247 1890 Illa
269 1825 451 1892 fututorem
474 1829 522 1910 te,
545 1823 755 1912 Charideme,
777 1827 868 1894 facit.

500 1982 712 2051 LXXXVIII.

135 2089 253 2157 Multis
277 2091 358 2176 iam,
380 2090 486 2176 Lupe,
508 2113 605 2175 posse
629 2115 664 2158 se
689 2091 802 2158 diebus
887 2081 917 2144 'l

135 2179 313 2245 Paedicare
336 2187 438 2266 negat
457 2179 677 2246 Charisianus.
773 2221 777 2228 ·
913 2147 919 2226 l

137 2267 280 2351 Causam
304 2291 378 2334 cum
402 2269 499 2335 modo
523 2273 718 2355 quaererent
741 2269 883 2356 sodales,
912 2231 920 2365 1

5 2415 6 2418 ,
135 2355 296 2424 Ventrem
319 2358 402 2424 dixit
424 2358 545 2424 habere
569 2380 603 2424 se
628 2358 781 2424 solutum.
911 2371 920 2466 q

514 2516 694 2584 LXXXIX.

135 2622 283 2690 Intactas
308 2645 408 2708 quare
432 2625 538 2690 mittis
562 2624 657 2708 mihi,
681 2623 788 2710 Polla,
812 2625 971 2692 coronas?

182 2713 213 2777 A
236 2717 270 2780 te
293 2717 429 2778 vexatas
453 2713 540 2779 malo
565 2719 675 2779 tenere
698 2735 801 2780 rosas.

572 2871 640 2941 XC.

138 2975 295 3044 Carmina
317 2980 410 3046 nulla
433 2979 553 3064 probas
577 2981 670 3046 molli
695 3004 778 3067 quae
801 2981 907 3048 limite
931 2987 1078 3068 currunt,

183 3066 246 3135 Sed
270 3091 352 3154 quae
376 3091 435 3155 per
458 3067 605 3134 salebras
630 3070 761 3154 altaque
784 3093 864 3137 saxa
887 3071 1020 3155 cadunt,
1107 3143 1109 3147 ,

137 3156 184 3221 Et
205 3156 268 3222 tibi
290 3157 441 3223 Maeonio
465 3179 595 3244 quoque
620 3161 760 3224 carmine
783 3161 891 3226 maius
917 3161 1057 3226 habetur

183 3246 321 3312 Inice-ilci
342 3248 504 3314 columella
527 3248 593 3313 heic
615 3248 686 3313 silu’
709 3245 946 3331 Metrophanem

109 3335 374 3421 5Attonitusqne
397 3337 481 3421 legis
506 3341 603 3402 terrai
623 3337 807 3422 fruqiferal,

185 3425 304 3490 Accius
328 3429 362 3490 et
385 3425 541 3511 quidquid
565 3424 791 3512 Pacuviusque
814 3430 959 3492 vomunt.
988 3431 994 3440 '

136 3511 198 3578 Vis
222 3514 332 3579 imiter
354 3519 496 3598 veteres,
521 3513 712 3595 Chrestilla,
735 3521 874 3601 tuosque
897 3516 1034 3601 poetas?

182 3601 391 3688 Dispeream,
413 3603 449 3669 ni
474 3604 552 3689 scis,
569 3605 723 3696 *mentula
747 3604 824 3690 qnid
847 3607 963 3690 sapiat.
