2528 4038
335 141 635 261 EPIGRAMMA'l'ON
654 203 723 260 LlB.
742 201 802 262 vlt
1014 205 1078 272 155

21 445 22 452 ἵ
99 363 206 451 Seque
222 367 390 450 ,obserate
413 367 512 434 clusit
536 369 651 442 arixius
675 367 757 433 cella

98 452 247 521 Gulosus
270 457 340 543 ille,
364 460 498 544 postero
523 459 573 524 die
596 456 716 560 rendit.

98 701 188 770 Haeo
214 709 268 770 est
291 705 350 772 ille
373 705 456 792 dies,
480 597 698 794 qudexdigni
721 707 851 773 conscia
872 663 987 792 pdrtus

140 791 316 860 Lucanum
339 796 470 880 populis
496 801 528 862 et
552 796 628 881 tibi,
650 795 757 880 Pollc,
780 795 878 862 dedit.

98 879 185 946 Heu!
227 880 315 950 Nero
340 883 480 950 crudelis
504 885 659 970 nullaque
682 883 819 951 invisior
842 885 972 970 umbre,

21 1045 22 1048 Ἴ
140 969 270 1038 Debuit
292 972 356 1040 hoc
380 972 492 1040 saltim
510 969 582 1040 'non
604 973 735 1040 licuisse
759 973 830 1038 tibi.

514 1111 655 1181 xxu.

96 1215 194 1286 Vatis
220 1219 389 1305 Apollinei
413 1243 531 1308 magno
556 1219 781 1286 memorabili·
806 1224 880 1286 ortu
965 1305 970 1310 .

140 1305 218 1374 Lux
241 1311 341 1376 redit:
365 1311 532 1377 Aonidum
555 1310 664 1395 turba,
687 1309 797 1375 favete
821 1310 931 1377 sacris.

98 1393 190 1462 Haec
215 1401 348 1482 meruit,
375 1421 449 1466 cum
473 1404 506 1466 te
529 1399 641 1483 terris,
664 1397 809 1482 Lucane,
831 1398 987 1487 dedisset,

22 1541 23 1544 ,
140 1485 270 1553 Mixtus
295 1485 460 1558 Castaliae
484 1487 597 1553 Baetis
620 1491 662 1554 ut
680 1491 767 1553 essct
790 1509 902 1574 aquae.

505 1607 694 1708 uxum

98 1732 246 1820 Phoebe,
270 1736 359 1820 veni,
383 1733 439 1802 sed
464 1740 606 1821 quantus
630 1757 717 1822 eras,
740 1758 814 1802 cum
837 1737 926 1802 belle
947 1736 1075 1802 tonanti

90 1907 92 1911 ἁ
140 1824 219 1910 Ipse
245 1825 339 1890 dares
363 1823 477 1890 Latiae
501 1825 629 1910 plectra
652 1826 793 1890 secunda
817 1825 915 1910 lyrae.

99 1867 186 1989 duic
210 1918 304 1980 tenta
327 1935 388 1999 pro
412 1913 484 1980 luce
508 1913 643 1999 precer?
680 1913 743 1998 Tu,
766 1913 874 1999 Polla,
898 1913 1053 1979 meritum

142 1999 249 2088 Saepe
273 2001 361 2068 colas
386 2006 477 2068 etse
502 2003 624 2067 sentiat
647 2003 703 2068 ille
727 2002 799 2068 coli.

509 2142 630 2210 XXIV.

98 2245 181 2316 Cum
205 2249 361 2316 Iuvenale
384 2272 457 2316 meo
482 2273 564 2335 quae
589 2271 640 2315 me
664 2251 869 2316 committere
891 2253 1048 2337 temptas,

142 2338 229 2416 Quid
252 2361 319 2406 non
342 2339 489 2424 audebis,
512 2339 636 2426 perfide
659 2339 786 2428 lingua,
810 2339 923 2424 loqui?

99 2425 142 2492 Te
165 2429 312 2516 fingente
335 2427 427 2494 nefas
451 2427 598 2514 Pyladen
622 2428 745 2495 odisset
767 2427 915 2514 Orestes,

142 2516 272 2584 Thesea
294 2516 438 2583 Pirithoi
461 2515 664 2582 destituisset
687 2539 793 2598 amor,
931 2543 937 2548 ⁸

76 2601 147 2670 eTu
165 2606 302 2674 ‘Siculos
325 2606 445 2672 fratres
469 2611 502 2671 et
526 2606 631 2672 maius
654 2627 774 2672 nomen
797 2604 932 2672 Atrides

142 2695 190 2761 Et
214 2695 323 2775 Ledae
346 2699 478 2782 poteras
504 2693 679 2760 dissociare
704 2715 816 2781 genus.
1022 2767 1024 2770 ,

100 2779 170 2850 Hoc
193 2784 258 2858 tibi
281 2806 342 2870 pro
366 2783 492 2848 meritis
518 2787 551 2848 et
574 2783 697 2848 talibus
720 2783 884 2868 imprecor
906 2782 1008 2869 susis,
1051 2817 1052 2820 ¹

107 2893 109 2895 ·
139 2871 190 2962 Ut
214 2873 317 2940 facias
342 2871 438 2957 illud,
463 2871 562 2957 quod,
587 2875 681 2956 puto,
703 2871 831 2958 lingue,
853 2870 946 2938 facis.

515 3009 618 3080 XXV.

103 3113 217 3204 Dulcia
240 3142 316 3186 cum
338 3123 470 3186 tentum
494 3119 619 3185 scribas
643 3118 883 3206 epigrammate
907 3113 1035 3210 semper

142 3209 189 3276 Et
205 3214 383 3276 ,cerussata
406 3209 594 3275 candidiora
618 3212 705 3292 cute,

103 3293 267 3385 Nullaque
291 3300 377 3364 mica
400 3299 479 3364 salis
502 3319 562 3364 nec
586 3295 690 3362 amari
713 3295 802 3362 fellis
826 3297 861 3362 in
884 3297 950 3363 illis

144 3387 250 3453 Gutta
273 3388 330 3471 sit,
354 3409 375 3453 o
399 3387 544 3473 demens,
567 3385 616 3452 vis
640 3389 752 3450 tamen
774 3386 833 3451 illa
855 3385 936 3474 legi!

82 3471 169 3544 suec
194 3476 286 3543 cibus
309 3477 381 3562 ipse
404 3477 496 3541 iuvat
519 3496 630 3541 morsu
653 3474 823 3540 fraudatus
846 3475 944 3560 aceti,

142 3565 215 3633 Neo
239 3569 336 3653 grata
359 3568 410 3631 est
433 3565 546 3650 facies,
569 3563 621 3630 cui
644 3563 823 3649 gelasinus·
833 3564 934 3630 abest
968 3603 969 3607 =
