2528 4038
177 217 242 285 130
506 213 544 270 u
563 213 647 272 vm.
666 211 867 270 meiius

194 380 386 464 alequam
410 399 477 444 non
499 377 650 461 tetricus,
673 398 771 462 quam
794 376 887 443 nulla
908 375 1041 442 nubilus
1064 377 1130 460 ira,-

265 466 370 544 Quam
392 467 520 552 placido
542 469 674 532 nostras
697 467 824 552 legerat
846 487 902 532 ore
925 468 1051 551 praeest

221 555 312 622 Talis
336 555 537 642 supplicibus
562 554 678 620 tiibuit
701 553 886 620 diademata
908 553 1007 620 Dacis

265 644 312 710 ut
333 643 537 730 Capitolinas
560 644 650 728 itque
673 643 820 728 reditque
843 643 924 708 vias.

221 731 297 814 Dio,
318 751 447 817 precor,
470 755 490 800 o
511 733 617 798 nostri
640 731 692 797 die
714 731 844 798 conseia
866 731 961 818 virgo
983 730 1154 813 Tonantis,

179 837 213 888 ιο
267 818 303 887 si
324 824 426 907 negat
448 821 509 888 hoe
531 821 638 904 vultu,
662 840 727 904 quo
750 819 836 886 solet
858 841 938 906 ergo
960 820 1060 886 dare?

223 907 277 976 Sia
300 930 376 996 ego:
398 908 446 974 sie
467 909 610 974 breviter
632 908 741 995 posita
763 907 846 973 mihi
869 906 1021 994 Gorgone
1044 907 1165 974 Pallas:

265 995 540 1090 „Quaenondum
563 998 640 1064 data
663 1000 754 1082 sunt,
777 997 891 1081 stulte,
909 1001 1030 1084 negata
1052 993 1186 1084 putas?“

654 1137 712 1204 XI

223 1235 316 1314 Quod
334 1258 401 1304 non
420 1236 463 1302 sit
480 1234 621 1320 Pylades
639 1235 702 1302 hoo
720 1240 881 1322 tempore,
898 1258 965 1302 uon
983 1237 1026 1302 sit
1044 1235 1185 1317 Orestes,

267 1325 420 1392 Miraris?
456 1323 609 1408 Pylades,
632 1324 754 1408 Meroe,
777 1325 913 1391 bibebat
935 1325 1036 1409 idem,

222 1413 291 1481 Nee
314 1415 430 1480 melior
452 1413 547 1500 panis
570 1413 725 1479 turdusve
748 1412 887 1479 dabatur
910 1413 1059 1498 Orestae,

269 1500 332 1568 Sed
354 1524 415 1588 per
438 1506 535 1588 atque
559 1501 669 1568 eadem
693 1523 773 1568 eene
795 1502 921 1568 duobus
945 1506 1024 1568 eret.
1149 1521 1151 1524 ·

201 1589 277 1658 o'Iu
300 1589 440 1657 Lucrina
462 1611 574 1669 voras,
596 1611 649 1656 me
671 1591 778 1676 paseit
801 1613 924 1676 aquosa
946 1590 1082 1676 peloris:

266 1678 343 1746 Non
364 1679 471 1744 minus
494 1679 637 1765 ingenua
660 1683 710 1744 est
733 1684 766 1746 et
788 1679 884 1763 mihi,
906 1678 1028 1762 Marce,
1053 1681 1139 1768 gula.

223 1766 269 1834 'Ie
293 1764 435 1834 Cadmea
457 1766 575 1851 Tyros,
598 1789 650 1832 me
672 1769 803 1854 pinguis
826 1767 934 1834 Gallia
957 1769 1071 1834 vestit:

194 1921 200 1931 ,
266 1853 327 1920 Vis
350 1859 384 1920 te
406 1877 617 1942 purpureum,
639 1855 761 1940 Marce,
783 1860 919 1942 sagatus
942 1858 1071 1922 amem?

223 1942 270 2011 Ut
288 1948 451 2028 praestem
465 1943 623 2029 Pyladen,
642 1944 760 2030 aliquia
779 1945 861 2010 mihi
879 1949 1024 2032 praestet
1043 1945 1185 2012 Oresten.

181 2051 214 2102 ιο
269 2032 341 2099 Hoo
362 2054 429 2098 non
450 2033 489 2098 fit
511 2033 633 2117 verbis,
654 2031 776 2102 Meroe:
798 2039 837 2099 ut
859 2034 995 2118 ameris,
1015 2056 1099 2102 ama.

646 2173 720 2240 XII.

221 2269 315 2337 Iurat
336 2269 474 2357 capillos
498 2291 581 2354 esse,
604 2292 686 2354 quos
709 2271 805 2356 emit,
827 2241 933 2338 suos·

223 2357 375 2426 Fabulla:
396 2359 569 2445 numquid,
591 2359 662 2438 illa,
684 2357 799 2446 Paule,
822 2361 968 2446 peierat?

639 2497 728 2566 XIII.

223 2605 303 2684 ouis
326 2609 360 2672 te
382 2605 539 2672 Phidiaco
561 2606 752 2691 formatam,
774 2605 872 2693 Iulia,
896 2609 999 2694 eaelo,

266 2693 329 2760 Vel
353 2695 425 2781 quis
448 2693 615 2760 Palladiae
638 2717 704 2760 non
727 2700 821 2780 putet
845 2697 925 2763 artis
949 2699 1053 2784 opus?

223 2781 369 2850 Candida
391 2806 457 2850 nou
480 2783 582 2848 tacita
605 2783 778 2870 respondet
800 2785 945 2872 imagine
967 2787 1084 2874 lygdos

267 2873 313 2938 Et
335 2872 463 2958 placido
486 2872 591 2958 fulget
613 2871 706 2938 vivus
728 2873 764 2938 in
787 2896 843 2940 ore
866 2875 982 2962 liquor.

196 2960 322 3030 oLudit
344 2960 507 3040 Acidalio,
531 2960 587 3026 sed
610 2983 675 3027 non
698 2984 813 3028 manus
837 2985 966 3050 aspera,
988 2965 1087 3050 nodo,

268 3049 371 3126 Quem
393 3049 503 3135 rapuit
526 3049 626 3134 eollo,
648 3072 748 3136 parve
772 3049 911 3136 Cupido,
933 3058 999 3118 tuo.

221 3136 269 3204 Ut
291 3137 409 3202 Martis
432 3141 601 3204 revocetur
624 3160 716 3204 amor
739 3141 920 3226 summique
943 3141 1116 3227 quentia,

266 3225 298 3291 A
320 3229 354 3291 te
376 3224 457 3293 Iuno
480 3230 572 3312 petat
595 3231 708 3292 ceston
730 3232 763 3294 et
785 3228 858 3314 ipsa
881 3229 1001 3296 Venus.

640 3365 728 3433 XIV.

223 3466 346 3534 Versus
371 3470 511 3536 seribere
534 3493 631 3556 posse
653 3477 687 3538 te
710 3473 849 3540 disertos

225 3554 395 3634 Affirmas‚
416 3556 547 3624 Laberi:
572 3560 651 3644 quid
672 3582 751 3647 ergo
773 3584 839 3628 non
863 3564 934 3629 vis?
