2596 4034
141 217 209 284 232
366 237 369 242 ’
413 279 416 286 ,
469 218 506 276 ld.
527 219 608 276 VAL.
627 215 829 276 Masculus

116 459 117 462 Ἴ
185 379 237 447 'Pu
259 381 341 448 mihi
364 376 581 467 simplicibus,
604 380 708 466 Mani,
733 381 871 446 dilectus
895 381 937 448 ab
961 382 1055 448 aunis

229 469 275 536 Et
298 475 504 555 praetextata
527 471 635 537 cultus
659 469 818 554 amicitia,

159 558 236 624 ὁΤι]
258 558 352 645 faeis3
375 561 409 626 in
432 559 529 626 terris
553 581 617 646 quo
639 581 708 626 non
731 563 782 624 est
805 559 889 624 alter
911 558 1045 626 Hiberis

231 646 366 714 Dulcior
388 651 422 715 et
445 670 522 714 vero
548 648 664 734 dignus
688 669 799 712 amore
823 647 938 732 magis.

186 735 306 804 Tecum
330 758 392 824 ego
415 737 467 802 vel
491 735 568 802 sicci
591 735 733 802 Gaetula
756 735 900 822 mapalia
922 735 1025 802 Poeni

106 897 114 908 ‚
230 823 276 890 Et
298 831 447 910 poteram
472 822 643 909 Scythicas
666 825 787 910 hospes
811 846 921 890 amare
945 846 1046 891 casas.

94 987 98 995 ,
188 910 223 978 si
246 913 308 979 tibi
330 935 421 980 meus
445 912 570 996 eadem,
593 914 622 978 si
644 913 750 980 nostri
774 918 888 978 mutua
911 935 989 980 cura
1012 919 1076 999 est,

64 1076 67 1082 ,
143 1016 177 1066 10
230 999 272 1068 In
294 1023 485 1089 quocunque
508 1001 581 1068 loco
605 1001 711 1068 Roma
734 1001 860 1067 duobus
884 1003 956 1066 erit.

604 1133 684 1200 XXI

189 1219 337 1288 Scribere
359 1228 393 1289 te
417 1245 499 1310 quae
522 1223 577 1290 vix
600 1223 774 1310 intellegat
796 1221 867 1307 ipse
890 1222 1059 1289 Modestus

230 1309 277 1375 Ea
298 1312 354 1377 rix
377 1311 548 1396 Claranus,
572 1313 647 1396 quid
670 1332 767 1398 rogo,
790 1309 901 1396 Sexte,
923 1311 1037 1377 iuvat?

187 1397 409 1466 Non·lectore
431 1402 496 1466 tuis
520 1422 600 1486 opus
625 1405 688 1482 est,
712 1399 767 1466 sed
792 1401 947 1486 Apolline
970 1401 1077 1465 libris:

232 1486 340 1554 Iudice
363 1493 397 1553 ta
420 1489 524 1554 maior
546 1488 652 1555 Oinna
673 1488 808 1554 Marone
830 1487 904 1554 fuit.

136 1572 241 1642 'oSic
264 1580 323 1641 tua
345 1577 518 1642 laudentur
541 1600 632 1643 sane:
656 1599 729 1643 mea
752 1578 910 1658 carmina,
934 1575 1046 1661 Sexte,

101 1733 104 1738 ,
232 1662 462 1730 Grammaticis
485 1667 649 1752 placeant,
671 1670 709 1731 ut
732 1665 802 1732 sine
825 1666 1061 1753 grammaticis.

596 1797 702 1864 XXII.

187 1883 254 1952 Cur
277 1886 438 1972 spleniato
463 1909 558 1972 saepe
581 1888 736 1974 prodeam
759 1889 869 1952 mento

188 1973 317 2040 Albave
340 1975 447 2059 pictus
471 1999 550 2042 rana
573 1975 667 2042 labra
690 1997 834 2061 cerussa,

187 2062 351 2148 Philaeni,
375 2063 527 2149 quaeris?
551 2065 678 2130 basiare
701 2068 735 2129 te
757 2063 846 2130 nolo.

187 2283 259 2350 Iam
282 2287 433 2350 numerat
455 2195 873 2368 placidoddiil'nntonius
897 2307 977 2352 aevo

233 2371 423 2450 Quindecies
448 2377 536 2438 actas
560 2373 689 2438 Primus
713 2372 926 2460 Olympiadas

188 2461 450 2546 Praeteritosque
474 2461 541 2526 dies
565 2465 598 2525 et
620 2467 709 2527 tutos
732 2461 867 2546 respicit
890 2483 992 2528 annos

232 2549 302 2616 Nec
324 2549 442 2615 metuit
464 2550 583 2614 Lethes
607 2550 672 2615 iam
696 2551 859 2637 propioris
883 2571 994 2636 aquas.

162 2637 289 2704 oNulla
311 2637 497 2704 recordanti
520 2639 575 2702 lux
599 2645 649 2703 est
671 2639 804 2724 ingrata
827 2641 1014 2726 gravisque,

232 2725 335 2792 Nulla
357 2726 433 2810 fuit,
456 2727 546 2792 cuius
569 2749 636 2791 non
659 2728 844 2794 meminisse
868 2729 959 2794 velit.

187 2815 338 2902 Ampliat
361 2816 478 2880 aetatis
503 2815 645 2900 spatium
669 2817 733 2880 sibi
755 2817 805 2882 vir
828 2818 946 2882 bonus:
969 2817 1031 2883 hoc
1055 2821 1106 2882 est

232 2903 351 2970 Vivere
373 2903 439 2989 bis,
461 2903 530 2968 vita
552 2925 649 2989 posse
672 2904 782 2990 priore
804 2904 878 2972 frui.

188 3124 325 3212 Natales
349 3125 431 3190 mihi
453 3123 591 3190 Martiae
613 3125 793 3211 Kalendae,

187 3213 259 3279 Lux
281 3213 456 3279 formosior
480 3215 629 3280 omnibus
652 3214 824 3298 Kalendis,

189 3301 261 3380 Qua
283 3303 420 3367 mittunt
442 3302 523 3367 milri
547 3325 663 3368 munus
687 3309 720 3368 et
742 3305 884 3388 puellae,

189 3390 465 3476 Quinquagesima
487 3392 555 3456 liba
578 3392 815 3478 septimamque

162 3477 318 3542 oVestris
342 3479 492 3544 addimus
516 3479 600 3546 hane
622 3481 705 3546 focis
729 3503 882 3548 acerram.

188 3565 251 3629 His
274 3587 347 3652 vos,
371 3565 400 3630 si
422 3571 534 3634 tamen
556 3569 686 3656 expedit
708 3571 851 3658 roganti,
