2596 4034
404 219 702 279 EPIGRAMMATON
721 221 787 277 LIB.
807 222 853 280 IX.
1072 224 1137 290 223

162 381 258 449 Nunc
282 383 363 449 mihi
387 383 451 468 die,
475 386 548 469 quis
572 386 648 469 erit,
667 386 719 452 cui
741 391 786 473 te,
806 384 984 474 Catorisse,
1004 387 1136 455 deorum

191 472 270 546 ¹Ser
293 473 389 539 iubeo
414 473 550 560 cyathos
574 475 733 542 fundere?
770 475 908 562 „Caesar
932 477 1024 544 erit.“

135 560 278 628 oSutilis
304 566 435 647 aptetur
459 563 564 630 decies
589 588 665 631 rosa
688 565 846 652 crinibus,
870 570 907 633 ut
931 568 976 632 sit

208 650 271 728 Qui
294 654 406 738 posuit
429 674 540 718 sacrae
564 655 675 722 nobile
699 655 806 739 gentis
831 678 922 742 opus.

162 737 255 806 Nune
279 741 331 806 bis
355 742 453 826 quina
476 743 557 807 mihi
581 743 623 809 da
646 745 751 826 basia,
773 745 833 810 fiat
855 749 892 810 ut
915 744 996 810 illud

207 828 349 916 Nomen,
373 831 415 897 ab
439 829 578 918 Odrysio
603 834 689 919 quod
713 834 791 900 deus
816 835 894 900 orbe
918 834 1004 900 tulit.

570 973 686 1043 XCIV.

2 1074 26 1122 '·
163 1077 338 1144 Sardonica
363 1080 524 1146 medicata
548 1081 637 1147 dedit
661 1081 741 1146 mihi
764 1081 881 1167 pocula
904 1081 997 1168 virga
1043 1067 1047 1075 ’

210 1203 247 1216 -·
261 1167 471 1235 Oshomiuis!
483 1207 524 1218 -
535 1171 677 1236 mulsum
688 1175 721 1236 et
736 1193 787 1236 me
801 1174 897 1256 rogat
908 1169 1136 1256 Hippocrates.

162 1257 242 1322 Tam
263 1257 413 1342 stupidus
433 1281 599 1344 nunquam
618 1283 678 1326 nco
697 1265 747 1342 tu,
764 1265 857 1344 puto,
877 1259 1011 1346 Glauce,
1031 1261 1136 1342 fuisti,

207 1343 349 1412 Chalcea
373 1343 508 1412 donanti
532 1349 663 1434 chrysia
685 1349 740 1440 qui
764 1349 909 1415 dederas,

7 1458 25 1494 .·
135 1435 264 1502 eDulce
289 1435 409 1520 aliquis
432 1459 549 1503 munus
573 1459 633 1522 pro
658 1461 788 1502 munere
812 1439 919 1524 poscit
942 1438 1077 1504 amaro?

191 1523 373 1610 decipiat,
397 1525 452 1590 sed
476 1527 504 1591 si
528 1531 624 1612 potat
647 1527 682 1591 in
705 1527 858 1593 elleboro.

580 1666 678 1734 XCV.
721 1727 722 1731 ,

162 1772 303 1859 Alphius
327 1777 405 1839 aute
428 1773 505 1860 fuit,
529 1776 637 1860 coepit
660 1797 746 1841 nuuc
770 1773 907 1860 Olphius
931 1795 1015 1860 esse,

190 1861 351 1928 Uxorem
374 1867 551 1954 postquam
575 1865 668 1928 duxit
690 1863 929 1952 Athenagoras.

563 2003 652 2071 XCV
664 2007 693 2071 b.

162 2109 308 2193 ¹,Nomen
321 2109 553 2197 Athenagorae
557 2110 586 2196 ,“
600 2111 729 2196 quaeris
734 2163 743 2196 ,
753 2111 946 2178 Callistrato
950 2164 959 2198 ,
969 2111 1137 2198 „rerumi”

209 2197 245 2265 si
269 2199 349 2283 scie,
373 2199 569 2284 dispeream,
593 2202 666 2285 quis
691 2201 734 2265 sit
758 2201 996 2286 Athenagoras.

14 2299 16 2304 '
135 2287 225 2355 used
249 2293 329 2374 puta
354 2309 405 2353 me
430 2310 554 2371 verum,
578 2287 782 2374 Callistrato,
806 2290 912 2356 dicere
934 2315 1068 2358 nomen:

206 2375 283 2442 Non
306 2398 383 2464 ego,
406 2377 464 2442 sed
487 2381 595 2444 vester
617 2383 731 2462 peccat
754 2378 993 2467 Athenagoras.

571 2517 686 2586 XCVI.

163 2625 308 2693 Clinicus
332 2625 480 2692 Herodes
503 2627 639 2692 trullam
663 2627 861 2694 subduxerat
882 2606 998 2715 dogm:

206 2713 394 2801 Deprensus
418 2715 500 2780 dixit
521 2714 662 2800 „Stulte‚
686 2716 763 2801 quid
787 2738 865 2803 crgo
889 2717 1017 2786 bibis?“

564 2855 696 2924 XCVII.

162 2965 339 3051 Rumpitur
362 2963 486 3030 invidia
509 2965 657 3051 quidam,
680 2941 845 3032 carissime
868 2965 946 3053 Iuli,

207 3055 301 3132 Quod
326 3076 378 3120 me
402 3053 507 3120 Roma
531 3055 627 3139 legit,
651 3054 814 3140 rumpitur
836 3055 967 3123 invidia.

160 3143 337 3228 Rumpitur
359 3143 497 3228 invidia,
521 3143 609 3232 quod
631 3145 729 3208 turba
752 3165 880 3228 semper
902 3145 938 3210 in
960 3145 1049 3212 omni

205 3232 430 3298 Monstramur
455 3233 573 3318 digito,
596 3232 760 3318 rumpitur
783 3231 915 3298 invidia.
976 3237 982 3250 ‘

1 3372 2 3379 κ
133 3321 339 3408 5Rumpitur
362 3321 499 3402 invidia,
522 3323 641 3388 tribuit
664 3321 750 3408 quod
774 3319 895 3386 Caesar
918 3325 1052 3409 uterque

203 3411 259 3477 Ius
284 3411 365 3478 mihi
389 3415 557 3496 natorum,
580 3413 743 3497 rumpitur
766 3409 897 3476 invidia.

159 3501 336 3585 Rumpitur
358 3501 495 3586 invidia,
515 3501 600 3588 quod
620 3524 675 3567 rus
695 3499 775 3565 mihi
795 3499 887 3566 dulce
906 3499 967 3566 sub
986 3501 1066 3568 urbe
1086 3507 1136 3566 cst

204 3589 373 3678 Parvaque
397 3593 431 3656 iu
454 3591 535 3657 urbe
559 3590 687 3675 domus,
711 3589 1028 3675 rumpiturinvidia.
