2610 4048
175 225 219 294 16
364 219 367 224 ·
481 215 542 282 n.
559 221 641 281 vm.
660 169 921 280 alannus·
1019 203 1020 211 '

218 385 302 466 Quid
324 387 461 476 dignum
482 389 577 454 tanto
599 386 663 452 tibi
681 388 795 454 ventre
819 385 969 474 gulaque,
982 385 1168 470 precabor?

247 476 415 544 -Boletnm
438 476 568 564 qualem
591 473 746 542 Claudius
770 475 851 560 edit,
873 473 960 540 edas.

636 613 716 683 m

218 721 302 791 (lum
323 726 452 811 peteret
473 744 598 810 regem,
621 723 757 809 decepta
780 721 923 790 satellite
946 721 1061 788 dextra

202 882 206 886 ,
262 811 406 898 Ingessit
429 811 529 880 sacris
552 833 587 878 se
609 813 757 900 peritura
779 811 870 878 focis.

219 899 282 969 Sed
304 906 374 968 tam
397 923 495 968 saeva
516 901 590 988 pius
612 900 771 967 miracula
792 921 859 966 non
880 899 960 966 tulit
980 897 1087 965 hostis
1110 979 1114 984 ἢ

262 989 310 1058 Et
332 993 464 1075 raptum
485 989 626 1054 fiammis
649 989 747 1054 iussit
769 988 859 1054 abire
881 987 1001 1054 virum:

192 1075 322 1146 oUrers
341 1099 439 1164 quam
457 1078 566 1163 potuit
583 1080 770 1162 contempto
789 1075 915 1143 Mucius
934 1077 1026 1164 igne,

183 1203 185 1206 ·
263 1165 358 1232 Hanc
380 1171 527 1252 spectare
550 1187 683 1232 manum
705 1165 851 1232 Porsena
872 1187 940 1231 non
961 1165 1091 1250 potuit.'

218 1253 325 1322 Maior
347 1254 501 1340 deceptae
523 1253 613 1320 fama
635 1259 686 1320 est
709 1257 743 1319 et
766 1253 872 1342 gloria
894 1253 1040 1319 dextrae:

263 1340 389 1410 Sinon
410 1347 564 1426 errasset,
586 1341 709 1409 fecerat
730 1342 792 1409 illa
814 1341 931 1409 minus.

628 1441 732 1550 uin.

219 1588 303 1668 Quid
324 1611 410 1657 nunc
433 1587 639 1675 sacrofagis
663 1587 783 1674 placidi
805 1589 899 1674 lepus
923 1611 981 1656 ora
1002 1588 1130 1655 leonis?

262 1677 427 1764 Frangere
448 1683 517 1744 tam
540 1699 659 1764 parvas
681 1699 747 1756 non
769 1676 908 1743 didicere
930 1675 1028 1758 feras.

221 1765 401 1834 Servantur
423 1767 551 1854 magnis
573 1766 632 1832 isti
654 1765 832 1832 cervicibus
856 1787 982 1852 ungues
1178 1818 1185 1854 ,

169 1893 170 1896 π
262 1853 332 1922 Neo
355 1855 475 1942 gaudet
497 1853 587 1920 tenui
610 1853 766 1941 sanguine
789 1857 885 1920 tanta
907 1853 989 1920 sitis.

193 1943 344 2011 oPraeda
362 1965 478 2009 canum
501 1943 594 2026 lepus
616 1946 681 2026 est,
702 1945 813 2008 vastos
835 1962 903 2008 non
922 1941 1040 2027 implet
1060 1941 1192 2007 hiatus:

263 2030 340 2098 Non
362 2033 479 2097 timeat
500 2030 609 2096 Dacus
632 2028 781 2096 Caesaris
805 2051 897 2096 arma
919 2051 1009 2117 puer.
1116 2087 1117 2090 ,
1140 2036 1152 2086 l

619 2169 739 2238 XXIII.

218 2279 344 2346 Invitas
366 2278 494 2343 nullum
515 2276 580 2342 nisi
602 2297 675 2342 cum
698 2297 776 2362 quc,
799 2275 911 2358 Cotta,
933 2275 1054 2342 lavaris

264 2367 311 2434 Et
332 2366 414 2432 dant
435 2367 607 2432 convivam
628 2359 748 2429 balnea
772 2366 844 2430 sola
867 2365 938 2430 tibi.

219 2454 375 2540 Mirabar,
397 2475 496 2539 quare
517 2473 684 2538 nunqnam
707 2473 772 2535 me,
795 2451 908 2539 (totta,
930 2474 1094 2519 vocasses:

263 2543 336 2610 Iam
358 2542 440 2628 scio,
462 2564 514 2608 me
536 2541 658 2608 nudum
680 2540 884 2626 displicuisse
907 2541 980 2608 tibi.
1099 2557 1101 2562 ’

536 2684 538 2687 ’
624 2678 743 2748 XXIV.

220 2789 351 2876 Aspicis
373 2789 548 2874 incomptis
570 2789 679 2872 rurum,
700 2787 857 2872 Deciano,
879 2787 1021 2872 epuns,

265 2877 365 2945 Cuius
388 2881 422 2942 at
443 2878 512 2962 ipsc
535 2877 632 2942 times
655 2876 751 2942 triste
774 2876 998 2962 supercilium,

221 2965 284 3044 Qui
305 2966 450 3054 loquitur
473 2962 588 3031 Curios
613 2964 858 3048 adsertoresque
882 2963 1063 3031 Camillos?

266 3053 379 3121 Nolito
401 3055 505 3120 fronti
527 3053 669 3121 credere:
693 3053 805 3140 nupsit
827 3052 908 3118 heri.
973 3129 974 3132 Ἴ

633 3192 736 3260 XXV.

135 3377 136 3380 Ἴ
220 3302 291 3370 Ede
305 3278 388 3369 vtucis
411 3300 544 3369 tandem
566 3301 702 3388 populo,
724 3297 896 3386 Faustina,
919 3300 1051 3366 libellos

265 3391 312 3458 Et
335 3392 458 3457 cultum
482 3390 577 3456 docto
600 3392 731 3476 pectora
754 3388 864 3474 profer
888 3411 983 3474 opus,

222 3477 315 3556 Quod
336 3501 396 3546 neo
420 3477 593 3565 Cecropiae
616 3477 771 3543 damnent
793 3476 970 3544 Pandionis
993 3497 1084 3542 arces

266 3565 336 3634 Nec
358 3567 479 3634 sileant
501 3565 608 3634 nostri
630 3569 901 3654 praetereantque
924 3587 1027 3632 senes.
