<?xml version="1.0" encoding="UTF-8"?>
<!DOCTYPE html PUBLIC "-//W3C//DTD XHTML 1.0 Transitional//EN"
    "http://www.w3.org/TR/xhtml1/DTD/xhtml1-transitional.dtd">
<html xmlns="http://www.w3.org/1999/xhtml" xml:lang="en" lang="en">
 <head>
  <title>
</title>
<meta http-equiv="Content-Type" content="text/html;charset=utf-8" />
  <meta name='ocr-system' content='tesseract 3.04.00' />
  <meta name='ocr-capabilities' content='ocr_page ocr_carea ocr_par ocr_line ocrx_word'/>
</head>
<body>
  <div class='ocr_page' id='page_1' title='image "./epigrammatonlib03martgoog_0193.png"; bbox 0 0 2528 4038; ppageno 0'>
   <div class='ocr_carea' id='block_1_1' title="bbox 61 199 829 292">
    <p class='ocr_par' dir='ltr' id='par_1_1' title="bbox 61 199 829 292">
     <span class='ocr_line' id='line_1_1' title="bbox 61 199 829 292; baseline 0 -12"><span class='ocrx_word' id='word_1_1' title='bbox 61 199 64 204; x_wconf 83' lang='lat'>&#39;</span> <span class='ocrx_word' id='word_1_2' title='bbox 144 211 210 292; x_wconf 78' lang='lat'>152</span> <span class='ocrx_word' id='word_1_3' title='bbox 472 222 510 282; x_wconf 77' lang='lat' dir='ltr'>n</span> <span class='ocrx_word' id='word_1_4' title='bbox 529 221 612 282; x_wconf 79' lang='lat' dir='ltr'>ven</span> <span class='ocrx_word' id='word_1_5' title='bbox 629 221 829 280; x_wconf 73' lang='lat' dir='ltr'>ussurus</span> 
     </span>
    </p>
   </div>
   <div class='ocr_carea' id='block_1_2' title="bbox 144 379 1198 741">
    <p class='ocr_par' dir='ltr' id='par_1_2' title="bbox 144 379 1198 741">
     <span class='ocr_line' id='line_1_2' title="bbox 187 379 1085 474; baseline -0.006 -18"><span class='ocrx_word' id='word_1_6' title='bbox 187 386 279 456; x_wconf 86' lang='lat' dir='ltr'><strong>Uxor</strong></span> <span class='ocrx_word' id='word_1_7' title='bbox 301 379 438 454; x_wconf 80' lang='lat' dir='ltr'>moecho</span> <span class='ocrx_word' id='word_1_8' title='bbox 460 387 522 454; x_wconf 91' lang='lat' dir='ltr'>tibi</span> <span class='ocrx_word' id='word_1_9' title='bbox 545 389 610 454; x_wconf 90' lang='lat' dir='ltr'>est:</span> <span class='ocrx_word' id='word_1_10' title='bbox 632 385 695 454; x_wconf 87' lang='lat' dir='ltr'>hoc</span> <span class='ocrx_word' id='word_1_11' title='bbox 719 386 761 453; x_wconf 85' lang='lat' dir='ltr'>ed</span> <span class='ocrx_word' id='word_1_12' title='bbox 782 390 815 454; x_wconf 89' lang='lat' dir='ltr'>tc</span> <span class='ocrx_word' id='word_1_13' title='bbox 836 387 994 474; x_wconf 77' lang='lat' dir='ltr'>pertinet,</span> <span class='ocrx_word' id='word_1_14' title='bbox 1017 384 1085 452; x_wconf 90' lang='lat' dir='ltr'>Ole.</span> 
     </span>
     <span class='ocr_line' id='line_1_3' title="bbox 231 474 979 562; baseline 0 -20"><span class='ocrx_word' id='word_1_15' title='bbox 231 476 344 544; x_wconf 90' lang='lat' dir='ltr'>Poscit</span> <span class='ocrx_word' id='word_1_16' title='bbox 365 476 433 542; x_wconf 86' lang='lat' dir='ltr'>ism</span> <span class='ocrx_word' id='word_1_17' title='bbox 456 475 566 542; x_wconf 88' lang='lat' dir='ltr'>dotem</span> <span class='ocrx_word' id='word_1_18' title='bbox 588 474 659 541; x_wconf 82' lang='lat' dir='ltr'>filie</span> <span class='ocrx_word' id='word_1_19' title='bbox 680 475 829 562; x_wconf 58' lang='lat' dir='ltr'>mandis:</span> <span class='ocrx_word' id='word_1_20' title='bbox 852 480 887 544; x_wconf 89' lang='lat' dir='ltr'>et</span> <span class='ocrx_word' id='word_1_21' title='bbox 909 477 979 544; x_wconf 92' lang='lat' dir='ltr'>hoc.</span> 
     </span>
     <span class='ocr_line' id='line_1_4' title="bbox 144 563 1198 652; baseline -0.003 -20"><span class='ocrx_word' id='word_1_22' title='bbox 144 582 177 632; x_wconf 78' lang='lat' dir='ltr'>ro</span> <span class='ocrx_word' id='word_1_23' title='bbox 187 563 303 632; x_wconf 89' lang='lat' dir='ltr'>Dicere</span> <span class='ocrx_word' id='word_1_24' title='bbox 326 563 514 651; x_wconf 74' lang='lat' dir='ltr'><strong>quindecies</strong></span> <span class='ocrx_word' id='word_1_25' title='bbox 536 567 700 650; x_wconf 81' lang='lat' dir='ltr'>peterem,</span> <span class='ocrx_word' id='word_1_26' title='bbox 723 564 809 650; x_wconf 89' lang='lat' dir='ltr'>quod</span> <span class='ocrx_word' id='word_1_27' title='bbox 832 566 973 652; x_wconf 73' lang='lat' dir='ltr'>pertinet</span> <span class='ocrx_word' id='word_1_28' title='bbox 995 563 1036 630; x_wconf 85' lang='lat' dir='ltr'>ad</span> <span class='ocrx_word' id='word_1_29' title='bbox 1057 569 1105 630; x_wconf 83' lang='lat' dir='ltr'>te:</span> <span class='ocrx_word' id='word_1_30' title='bbox 1194 576 1198 580; x_wconf 82' lang='grc'><strong>“</strong></span> 
     </span>
     <span class='ocr_line' id='line_1_5' title="bbox 233 651 1043 741; baseline -0.006 -19"><span class='ocrx_word' id='word_1_31' title='bbox 233 651 296 722; x_wconf 85' lang='lat' dir='ltr'>Sed</span> <span class='ocrx_word' id='word_1_32' title='bbox 319 653 397 739; x_wconf 89' lang='lat' dir='ltr'>quid</span> <span class='ocrx_word' id='word_1_33' title='bbox 419 674 515 740; x_wconf 82' lang='lat' dir='ltr'>eges,</span> <span class='ocrx_word' id='word_1_34' title='bbox 537 653 578 719; x_wconf 87' lang='lat' dir='ltr'>sd</span> <span class='ocrx_word' id='word_1_35' title='bbox 601 675 654 720; x_wconf 91' lang='lat' dir='ltr'>me</span> <span class='ocrx_word' id='word_1_36' title='bbox 677 652 834 740; x_wconf 79' lang='lat' dir='ltr'>pertinet,</span> <span class='ocrx_word' id='word_1_37' title='bbox 856 653 930 741; x_wconf 90' lang='lat' dir='ltr'>Ole,</span> <span class='ocrx_word' id='word_1_38' title='bbox 953 653 1043 720; x_wconf 91' lang='lat' dir='ltr'>nihil.</span> 
     </span>
    </p>
   </div>
   <div class='ocr_carea' id='block_1_3' title="bbox 554 773 759 870">
    <p class='ocr_par' dir='ltr' id='par_1_3' title="bbox 554 773 759 870">
     <span class='ocr_line' id='line_1_6' title="bbox 554 773 759 870; baseline -0.029 0"><span class='ocrx_word' id='word_1_39' title='bbox 554 773 759 870; x_wconf 61' lang='lat' dir='ltr'>&#39;xus</span> 
     </span>
    </p>
   </div>
   <div class='ocr_carea' id='block_1_4' title="bbox 99 898 907 1256">
    <p class='ocr_par' dir='ltr' id='par_1_4' title="bbox 186 898 836 1076">
     <span class='ocr_line' id='line_1_7' title="bbox 189 898 836 988; baseline 0 -20"><span class='ocrx_word' id='word_1_40' title='bbox 189 898 288 988; x_wconf 81' lang='lat' dir='ltr'>Cogis</span> <span class='ocrx_word' id='word_1_41' title='bbox 311 923 363 968; x_wconf 91' lang='lat' dir='ltr'>me</span> <span class='ocrx_word' id='word_1_42' title='bbox 386 901 513 970; x_wconf 82' lang='lat' dir='ltr'>calamo</span> <span class='ocrx_word' id='word_1_43' title='bbox 537 922 699 988; x_wconf 83' lang='lat' dir='ltr'>manuque</span> <span class='ocrx_word' id='word_1_44' title='bbox 721 903 836 968; x_wconf 84' lang='lat' dir='ltr'>nostre</span> 
     </span>
     <span class='ocr_line' id='line_1_8' title="bbox 186 989 823 1076; baseline 0 -20"><span class='ocrx_word' id='word_1_45' title='bbox 186 989 369 1056; x_wconf 80' lang='lat' dir='ltr'>Emendare</span> <span class='ocrx_word' id='word_1_46' title='bbox 393 1012 496 1076; x_wconf 89' lang='lat' dir='ltr'>meos,</span> <span class='ocrx_word' id='word_1_47' title='bbox 517 989 660 1074; x_wconf 88' lang='lat' dir='ltr'>Pudens,</span> <span class='ocrx_word' id='word_1_48' title='bbox 683 989 823 1056; x_wconf 89' lang='lat' dir='ltr'>libellos.</span> 
     </span>
    </p>

    <p class='ocr_par' dir='ltr' id='par_1_5' title="bbox 99 1076 907 1256">
     <span class='ocr_line' id='line_1_9' title="bbox 99 1076 907 1166; baseline -0.002 -20"><span class='ocrx_word' id='word_1_49' title='bbox 99 1104 111 1146; x_wconf 70' lang='lat' dir='ltr'>r</span> <span class='ocrx_word' id='word_1_50' title='bbox 187 1076 215 1144; x_wconf 94' lang='lat'>0</span> <span class='ocrx_word' id='word_1_51' title='bbox 239 1101 336 1165; x_wconf 83' lang='lat' dir='ltr'>quem</span> <span class='ocrx_word' id='word_1_52' title='bbox 359 1100 412 1145; x_wconf 92' lang='lat' dir='ltr'>me</span> <span class='ocrx_word' id='word_1_53' title='bbox 434 1079 572 1146; x_wconf 86' lang='lat' dir='ltr'>nimium</span> <span class='ocrx_word' id='word_1_54' title='bbox 594 1079 715 1166; x_wconf 81' lang='lat' dir='ltr'>probes</span> <span class='ocrx_word' id='word_1_55' title='bbox 739 1100 907 1164; x_wconf 75' lang='lat' dir='ltr'>amesque,</span> 
     </span>
     <span class='ocr_line' id='line_1_10' title="bbox 188 1163 828 1256; baseline -0.002 -23"><span class='ocrx_word' id='word_1_56' title='bbox 188 1164 252 1243; x_wconf 83' lang='lat' dir='ltr'>Qui</span> <span class='ocrx_word' id='word_1_57' title='bbox 274 1170 325 1234; x_wconf 79' lang='lat' dir='ltr'>vir</span> <span class='ocrx_word' id='word_1_58' title='bbox 338 1163 544 1255; x_wconf 74' lang='lat' dir='ltr'>&#39;archetypas</span> <span class='ocrx_word' id='word_1_59' title='bbox 567 1168 688 1234; x_wconf 82' lang='lat' dir='ltr'>hebere</span> <span class='ocrx_word' id='word_1_60' title='bbox 710 1169 828 1256; x_wconf 80' lang='lat' dir='ltr'>nugas!</span> 
     </span>
    </p>
   </div>
   <div class='ocr_carea' id='block_1_5' title="bbox 25 1401 1205 2464">
    <p class='ocr_par' dir='ltr' id='par_1_6' title="bbox 25 1401 1205 2464">
     <span class='ocr_line' id='line_1_11' title="bbox 191 1401 1122 1496; baseline 0.002 -26"><span class='ocrx_word' id='word_1_61' title='bbox 191 1401 244 1472; x_wconf 82' lang='lat' dir='ltr'>Sic</span> <span class='ocrx_word' id='word_1_62' title='bbox 267 1427 319 1474; x_wconf 91' lang='lat' dir='ltr'>me</span> <span class='ocrx_word' id='word_1_63' title='bbox 342 1405 449 1475; x_wconf 84' lang='lat' dir='ltr'>fronte</span> <span class='ocrx_word' id='word_1_64' title='bbox 473 1407 564 1496; x_wconf 88' lang='lat' dir='ltr'>leget</span> <span class='ocrx_word' id='word_1_65' title='bbox 587 1406 752 1491; x_wconf 91' lang='lat' dir='ltr'>dominus,</span> <span class='ocrx_word' id='word_1_66' title='bbox 773 1403 939 1491; x_wconf 76' lang='lat' dir='ltr'>Faustine,</span> <span class='ocrx_word' id='word_1_67' title='bbox 963 1428 1075 1474; x_wconf 85' lang='lat' dir='ltr'>serene</span> <span class='ocrx_word' id='word_1_68' title='bbox 1120 1461 1122 1464; x_wconf 94' lang='lat'>.</span> 
     </span>
     <span class='ocr_line' id='line_1_12' title="bbox 116 1493 1008 1582; baseline 0.002 -22"><span class='ocrx_word' id='word_1_69' title='bbox 116 1562 119 1568; x_wconf 74' lang='grc'>,</span> <span class='ocrx_word' id='word_1_70' title='bbox 232 1493 451 1582; x_wconf 81' lang='lat' dir='ltr'>Excipietque</span> <span class='ocrx_word' id='word_1_71' title='bbox 473 1518 577 1580; x_wconf 87' lang='lat' dir='ltr'>meos,</span> <span class='ocrx_word' id='word_1_72' title='bbox 600 1500 664 1582; x_wconf 79' lang='lat' dir='ltr'>que</span> <span class='ocrx_word' id='word_1_73' title='bbox 687 1495 771 1562; x_wconf 87' lang='lat' dir='ltr'>solet</span> <span class='ocrx_word' id='word_1_74' title='bbox 793 1517 885 1580; x_wconf 84' lang='lat' dir='ltr'>eure,</span> <span class='ocrx_word' id='word_1_75' title='bbox 906 1496 1008 1579; x_wconf 88' lang='lat' dir='ltr'>iocos,</span> 
     </span>
     <span class='ocr_line' id='line_1_13' title="bbox 186 1579 1019 1670; baseline 0.002 -22"><span class='ocrx_word' id='word_1_76' title='bbox 186 1579 235 1648; x_wconf 91' lang='lat' dir='ltr'>Ut</span> <span class='ocrx_word' id='word_1_77' title='bbox 257 1605 331 1650; x_wconf 82' lang='lat' dir='ltr'>mee</span> <span class='ocrx_word' id='word_1_78' title='bbox 351 1605 424 1668; x_wconf 88' lang='lat' dir='ltr'>nec,</span> <span class='ocrx_word' id='word_1_79' title='bbox 446 1585 532 1651; x_wconf 88' lang='lat' dir='ltr'>iuste</span> <span class='ocrx_word' id='word_1_80' title='bbox 556 1606 637 1670; x_wconf 87' lang='lat' dir='ltr'>quos</span> <span class='ocrx_word' id='word_1_81' title='bbox 661 1585 744 1663; x_wconf 89' lang='lat' dir='ltr'>odit,</span> <span class='ocrx_word' id='word_1_82' title='bbox 766 1585 889 1670; x_wconf 84' lang='lat' dir='ltr'>peginn</span> <span class='ocrx_word' id='word_1_83' title='bbox 910 1583 1019 1668; x_wconf 83' lang='lat' dir='ltr'>laesit,</span> 
     </span>
     <span class='ocr_line' id='line_1_14' title="bbox 25 1657 951 1759; baseline 0 -20"><span class='ocrx_word' id='word_1_84' title='bbox 25 1707 27 1711; x_wconf 94' lang='lat'>·</span> <span class='ocrx_word' id='word_1_85' title='bbox 157 1657 277 1740; x_wconf 41' lang='lat' dir='ltr'>Qut</span> <span class='ocrx_word' id='word_1_86' title='bbox 300 1673 382 1738; x_wconf 92' lang='lat' dir='ltr'>mihi</span> <span class='ocrx_word' id='word_1_87' title='bbox 405 1673 443 1740; x_wconf 92' lang='lat' dir='ltr'>de</span> <span class='ocrx_word' id='word_1_88' title='bbox 465 1673 555 1739; x_wconf 92' lang='lat' dir='ltr'>nullo</span> <span class='ocrx_word' id='word_1_89' title='bbox 578 1673 669 1740; x_wconf 81' lang='lat' dir='ltr'>fame</span> <span class='ocrx_word' id='word_1_90' title='bbox 691 1672 810 1739; x_wconf 88' lang='lat' dir='ltr'>rubore</span> <span class='ocrx_word' id='word_1_91' title='bbox 832 1672 951 1759; x_wconf 81' lang='lat' dir='ltr'>placet.</span> 
     </span>
     <span class='ocr_line' id='line_1_15' title="bbox 160 1717 1159 1850; baseline 0.004 -26"><span class='ocrx_word' id='word_1_92' title='bbox 160 1717 274 1838; x_wconf 76' lang='lat' dir='ltr'>iouis</span> <span class='ocrx_word' id='word_1_93' title='bbox 295 1762 443 1846; x_wconf 87' lang='lat' dir='ltr'>prodest,</span> <span class='ocrx_word' id='word_1_94' title='bbox 465 1762 599 1846; x_wconf 82' lang='lat' dir='ltr'>cupient</span> <span class='ocrx_word' id='word_1_95' title='bbox 621 1784 694 1828; x_wconf 90' lang='lat' dir='ltr'>cum</span> <span class='ocrx_word' id='word_1_96' title='bbox 718 1760 848 1846; x_wconf 83' lang='lat' dir='ltr'>quidem</span> <span class='ocrx_word' id='word_1_97' title='bbox 871 1766 986 1828; x_wconf 82' lang='lat' dir='ltr'>nostre</span> <span class='ocrx_word' id='word_1_98' title='bbox 1008 1761 1159 1850; x_wconf 81' lang='lat' dir='ltr'>videri„</span> 
     </span>
     <span class='ocr_line' id='line_1_16' title="bbox 234 1844 1149 1938; baseline 0.003 -24"><span class='ocrx_word' id='word_1_99' title='bbox 234 1844 269 1914; x_wconf 82' lang='lat' dir='ltr'>si</span> <span class='ocrx_word' id='word_1_100' title='bbox 293 1871 357 1935; x_wconf 82' lang='lat' dir='ltr'>qus</span> <span class='ocrx_word' id='word_1_101' title='bbox 378 1849 562 1936; x_wconf 74' lang='lat' dir='ltr'>Lycambeo</span> <span class='ocrx_word' id='word_1_102' title='bbox 586 1851 742 1938; x_wconf 84' lang='lat' dir='ltr'>sanguine</span> <span class='ocrx_word' id='word_1_103' title='bbox 765 1851 833 1916; x_wconf 81' lang='lat' dir='ltr'>tels</span> <span class='ocrx_word' id='word_1_104' title='bbox 856 1851 1002 1935; x_wconf 82' lang='lat' dir='ltr'>madent,</span> <span class='ocrx_word' id='word_1_105' title='bbox 1145 1933 1149 1938; x_wconf 19' lang='grc' dir='ltr'>ι</span> 
     </span>
     <span class='ocr_line' id='line_1_17' title="bbox 47 1934 1205 2028; baseline 0.003 -26"><span class='ocrx_word' id='word_1_106' title='bbox 47 1944 50 1950; x_wconf 87' lang='grc'><em>’</em></span> <span class='ocrx_word' id='word_1_107' title='bbox 177 1934 427 2024; x_wconf 76' lang='lat' dir='ltr'>&#39;Vipereumque</span> <span class='ocrx_word' id='word_1_108' title='bbox 450 1943 562 2005; x_wconf 81' lang='lat' dir='ltr'>vomet</span> <span class='ocrx_word' id='word_1_109' title='bbox 583 1943 697 2006; x_wconf 87' lang='lat' dir='ltr'>nostro</span> <span class='ocrx_word' id='word_1_110' title='bbox 721 1938 782 2004; x_wconf 92' lang='lat' dir='ltr'>sub</span> <span class='ocrx_word' id='word_1_111' title='bbox 804 1939 937 2006; x_wconf 82' lang='lat' dir='ltr'>nemine</span> <span class='ocrx_word' id='word_1_112' title='bbox 958 1939 1061 2028; x_wconf 80' lang='lat' dir='ltr'>virus,</span> <span class='ocrx_word' id='word_1_113' title='bbox 1201 1945 1205 1949; x_wconf 80' lang='grc'><strong>“</strong></span> 
     </span>
     <span class='ocr_line' id='line_1_18' title="bbox 235 2023 1125 2114; baseline 0.002 -22"><span class='ocrx_word' id='word_1_114' title='bbox 235 2025 299 2103; x_wconf 81' lang='lat' dir='ltr'>Qui</span> <span class='ocrx_word' id='word_1_115' title='bbox 321 2025 446 2093; x_wconf 87' lang='lat' dir='ltr'>Phoebi</span> <span class='ocrx_word' id='word_1_116' title='bbox 468 2027 576 2093; x_wconf 86' lang='lat' dir='ltr'>radios</span> <span class='ocrx_word' id='word_1_117' title='bbox 598 2027 684 2093; x_wconf 86' lang='lat' dir='ltr'>ferre</span> <span class='ocrx_word' id='word_1_118' title='bbox 707 2027 855 2114; x_wconf 86' lang='lat' dir='ltr'>diemque</span> <span class='ocrx_word' id='word_1_119' title='bbox 876 2027 999 2114; x_wconf 83' lang='lat' dir='ltr'>negat?</span> <span class='ocrx_word' id='word_1_120' title='bbox 1111 2023 1125 2074; x_wconf 66' lang='lat' dir='ltr'>l</span> 
     </span>
     <span class='ocr_line' id='line_1_19' title="bbox 186 2111 1105 2202; baseline 0.005 -24"><span class='ocrx_word' id='word_1_121' title='bbox 186 2111 343 2180; x_wconf 83' lang='lat' dir='ltr'>Ludimus</span> <span class='ocrx_word' id='word_1_122' title='bbox 366 2115 515 2202; x_wconf 84' lang='lat' dir='ltr'>innocui:</span> <span class='ocrx_word' id='word_1_123' title='bbox 540 2117 603 2183; x_wconf 87' lang='lat' dir='ltr'>scis</span> <span class='ocrx_word' id='word_1_124' title='bbox 626 2115 689 2182; x_wconf 91' lang='lat' dir='ltr'>hoc</span> <span class='ocrx_word' id='word_1_125' title='bbox 710 2117 806 2182; x_wconf 89' lang='lat' dir='ltr'>bene:</span> <span class='ocrx_word' id='word_1_126' title='bbox 829 2116 901 2182; x_wconf 81' lang='lat' dir='ltr'>iuro</span> <span class='ocrx_word' id='word_1_127' title='bbox 925 2118 1070 2202; x_wconf 85' lang='lat' dir='ltr'>potentis</span> <span class='ocrx_word' id='word_1_128' title='bbox 1101 2133 1105 2138; x_wconf 87' lang='grc'><strong><em>·</em></strong></span> 
     </span>
     <span class='ocr_line' id='line_1_20' title="bbox 144 2190 1172 2290; baseline 0.004 -23"><span class='ocrx_word' id='word_1_129' title='bbox 144 2217 178 2268; x_wconf 86' lang='lat'>10</span> <span class='ocrx_word' id='word_1_130' title='bbox 203 2190 448 2289; x_wconf 60' lang='lat' dir='ltr'>&#39;Pes&#39;g‘enium</span> <span class='ocrx_word' id='word_1_131' title='bbox 471 2201 591 2270; x_wconf 79' lang='lat' dir='ltr'>Famae</span> <span class='ocrx_word' id='word_1_132' title='bbox 615 2203 858 2289; x_wconf 76' lang='lat' dir='ltr'>Castaliumque</span> <span class='ocrx_word' id='word_1_133' title='bbox 881 2225 1013 2290; x_wconf 83' lang='lat' dir='ltr'>gregem</span> <span class='ocrx_word' id='word_1_134' title='bbox 1169 2277 1172 2280; x_wconf 65' lang='grc'><strong>,</strong></span> 
     </span>
     <span class='ocr_line' id='line_1_21' title="bbox 185 2289 1088 2381; baseline 0.003 -24"><span class='ocrx_word' id='word_1_135' title='bbox 185 2289 312 2376; x_wconf 91' lang='lat' dir='ltr'>Perque</span> <span class='ocrx_word' id='word_1_136' title='bbox 335 2296 410 2358; x_wconf 83' lang='lat' dir='ltr'>tues</span> <span class='ocrx_word' id='word_1_137' title='bbox 434 2314 542 2377; x_wconf 83' lang='lat' dir='ltr'>eures,</span> <span class='ocrx_word' id='word_1_138' title='bbox 564 2294 676 2380; x_wconf 82' lang='lat' dir='ltr'>magui</span> <span class='ocrx_word' id='word_1_139' title='bbox 699 2293 780 2358; x_wconf 86' lang='lat' dir='ltr'>mihi</span> <span class='ocrx_word' id='word_1_140' title='bbox 801 2294 946 2360; x_wconf 87' lang='lat' dir='ltr'>numinis</span> <span class='ocrx_word' id='word_1_141' title='bbox 968 2294 1088 2381; x_wconf 81' lang='lat' dir='ltr'>instar,</span> 
     </span>
     <span class='ocr_line' id='line_1_22' title="bbox 230 2378 885 2464; baseline 0.005 -19"><span class='ocrx_word' id='word_1_142' title='bbox 230 2378 363 2464; x_wconf 84' lang='lat' dir='ltr'>Lector,</span> <span class='ocrx_word' id='word_1_143' title='bbox 385 2380 563 2447; x_wconf 85' lang='lat' dir='ltr'>inhumane</span> <span class='ocrx_word' id='word_1_144' title='bbox 584 2381 668 2447; x_wconf 88' lang='lat' dir='ltr'>liber</span> <span class='ocrx_word' id='word_1_145' title='bbox 691 2383 732 2448; x_wconf 84' lang='lat' dir='ltr'>eb</span> <span class='ocrx_word' id='word_1_146' title='bbox 755 2380 885 2448; x_wconf 83' lang='lat' dir='ltr'>invidie.</span> 
     </span>
    </p>
   </div>
   <div class='ocr_carea' id='block_1_6' title="bbox 602 2522 834 2602">
    <p class='ocr_par' dir='ltr' id='par_1_7' title="bbox 602 2522 834 2602">
     <span class='ocr_line' id='line_1_23' title="bbox 602 2522 834 2602; baseline -0.009 0"><span class='ocrx_word' id='word_1_147' title='bbox 602 2522 834 2602; x_wconf 66' lang='lat' dir='ltr'>XIII-V.</span> 
     </span>
    </p>
   </div>
   <div class='ocr_carea' id='block_1_7' title="bbox 174 2617 1037 2973">
    <p class='ocr_par' dir='ltr' id='par_1_8' title="bbox 185 2617 928 2688">
     <span class='ocr_line' id='line_1_24' title="bbox 185 2617 928 2688; baseline 0.005 -4"><span class='ocrx_word' id='word_1_148' title='bbox 185 2617 272 2684; x_wconf 90' lang='lat' dir='ltr'>Dum</span> <span class='ocrx_word' id='word_1_149' title='bbox 296 2619 478 2685; x_wconf 84' lang='lat' dir='ltr'>Tiburtinis</span> <span class='ocrx_word' id='word_1_150' title='bbox 501 2619 665 2686; x_wconf 78' lang='lat' dir='ltr'>albescere</span> <span class='ocrx_word' id='word_1_151' title='bbox 687 2619 813 2688; x_wconf 88' lang='lat' dir='ltr'>solibus</span> <span class='ocrx_word' id='word_1_152' title='bbox 837 2621 928 2688; x_wconf 79' lang='lat' dir='ltr'>audit</span> 
     </span>
    </p>

    <p class='ocr_par' dir='ltr' id='par_1_9' title="bbox 174 2707 883 2795">
     <span class='ocr_line' id='line_1_25' title="bbox 174 2707 883 2795; baseline 0.007 -24"><span class='ocrx_word' id='word_1_153' title='bbox 174 2742 176 2752; x_wconf 45' lang='grc' dir='ltr'><em>ν</em></span> <span class='ocrx_word' id='word_1_154' title='bbox 230 2707 368 2794; x_wconf 86' lang='lat' dir='ltr'>Antiqui</span> <span class='ocrx_word' id='word_1_155' title='bbox 391 2709 497 2774; x_wconf 86' lang='lat' dir='ltr'>dentis</span> <span class='ocrx_word' id='word_1_156' title='bbox 520 2708 612 2774; x_wconf 84' lang='lat' dir='ltr'>fusce</span> <span class='ocrx_word' id='word_1_157' title='bbox 634 2709 767 2794; x_wconf 86' lang='lat' dir='ltr'>Lycoris</span> <span class='ocrx_word' id='word_1_158' title='bbox 791 2711 883 2795; x_wconf 88' lang='lat' dir='ltr'>ebur,</span> 
     </span>
    </p>

    <p class='ocr_par' dir='ltr' id='par_1_10' title="bbox 184 2795 1037 2973">
     <span class='ocr_line' id='line_1_26' title="bbox 184 2795 1037 2878; baseline 0.006 -17"><span class='ocrx_word' id='word_1_159' title='bbox 184 2795 287 2862; x_wconf 87' lang='lat' dir='ltr'>Venit</span> <span class='ocrx_word' id='word_1_160' title='bbox 309 2798 344 2862; x_wconf 89' lang='lat' dir='ltr'>in</span> <span class='ocrx_word' id='word_1_161' title='bbox 365 2796 545 2864; x_wconf 89' lang='lat' dir='ltr'>Herculeos</span> <span class='ocrx_word' id='word_1_162' title='bbox 568 2797 679 2864; x_wconf 91' lang='lat' dir='ltr'>colles.</span> <span class='ocrx_word' id='word_1_163' title='bbox 715 2797 800 2874; x_wconf 83' lang='lat' dir='ltr'>Quid</span> <span class='ocrx_word' id='word_1_164' title='bbox 823 2798 967 2878; x_wconf 76' lang='lat' dir='ltr'>Tiburis.</span> <span class='ocrx_word' id='word_1_165' title='bbox 978 2801 1037 2866; x_wconf 83' lang='lat' dir='ltr'>slti</span> 
     </span>
     <span class='ocr_line' id='line_1_27' title="bbox 230 2884 993 2973; baseline 0.005 -23"><span class='ocrx_word' id='word_1_166' title='bbox 230 2884 322 2951; x_wconf 81' lang='lat' dir='ltr'>Aure</span> <span class='ocrx_word' id='word_1_167' title='bbox 343 2886 444 2952; x_wconf 85' lang='lat' dir='ltr'>velet!</span> <span class='ocrx_word' id='word_1_168' title='bbox 483 2885 589 2952; x_wconf 83' lang='lat' dir='ltr'>Parvo</span> <span class='ocrx_word' id='word_1_169' title='bbox 612 2891 760 2973; x_wconf 88' lang='lat' dir='ltr'>tempore</span> <span class='ocrx_word' id='word_1_170' title='bbox 782 2887 878 2973; x_wconf 84' lang='lat' dir='ltr'>nigre</span> <span class='ocrx_word' id='word_1_171' title='bbox 900 2888 993 2954; x_wconf 88' lang='lat' dir='ltr'>redit.</span> 
     </span>
    </p>
   </div>
   <div class='ocr_carea' id='block_1_8' title="bbox 603 3005 742 3103">
    <p class='ocr_par' dir='ltr' id='par_1_11' title="bbox 603 3005 742 3104">
     <span class='ocr_line' id='line_1_28' title="bbox 603 3005 742 3103; baseline 0.014 -1"><span class='ocrx_word' id='word_1_172' title='bbox 603 3035 691 3103; x_wconf 78' lang='lat' dir='ltr'>mu.</span> <span class='ocrx_word' id='word_1_173' title='bbox 717 3005 742 3098; x_wconf 73' lang='lat' dir='ltr'>d</span> 
     </span>
    </p>
   </div>
   <div class='ocr_carea' id='block_1_9' title="bbox 76 3131 1091 3664">
    <p class='ocr_par' dir='ltr' id='par_1_12' title="bbox 76 3131 1091 3664">
     <span class='ocr_line' id='line_1_29' title="bbox 183 3131 1091 3225; baseline 0.008 -27"><span class='ocrx_word' id='word_1_174' title='bbox 183 3131 314 3200; x_wconf 80' lang='lat' dir='ltr'>Accidit</span> <span class='ocrx_word' id='word_1_175' title='bbox 336 3131 504 3199; x_wconf 79' lang='lat' dir='ltr'>infandum</span> <span class='ocrx_word' id='word_1_176' title='bbox 528 3139 660 3200; x_wconf 84' lang='lat' dir='ltr'>nostrae</span> <span class='ocrx_word' id='word_1_177' title='bbox 684 3135 802 3221; x_wconf 89' lang='lat' dir='ltr'>scelus,</span> <span class='ocrx_word' id='word_1_178' title='bbox 825 3134 925 3222; x_wconf 89' lang='lat' dir='ltr'>Aule,</span> <span class='ocrx_word' id='word_1_179' title='bbox 947 3137 1091 3225; x_wconf 82' lang='lat' dir='ltr'>puellce3</span> 
     </span>
     <span class='ocr_line' id='line_1_30' title="bbox 228 3220 1075 3309; baseline 0.005 -23"><span class='ocrx_word' id='word_1_180' title='bbox 228 3220 352 3296; x_wconf 84' lang='lat' dir='ltr'>Amisit</span> <span class='ocrx_word' id='word_1_181' title='bbox 374 3223 465 3288; x_wconf 90' lang='lat' dir='ltr'>lusus</span> <span class='ocrx_word' id='word_1_182' title='bbox 489 3222 685 3309; x_wconf 81' lang='lat' dir='ltr'>deliciasque</span> <span class='ocrx_word' id='word_1_183' title='bbox 709 3245 798 3289; x_wconf 85' lang='lat' dir='ltr'>sues=</span> <span class='ocrx_word' id='word_1_184' title='bbox 1073 3305 1075 3309; x_wconf 23' lang='grc' dir='ltr'>Ι</span> 
     </span>
     <span class='ocr_line' id='line_1_31' title="bbox 183 3307 959 3396; baseline 0.008 -22"><span class='ocrx_word' id='word_1_185' title='bbox 183 3307 260 3374; x_wconf 90' lang='lat' dir='ltr'>Non</span> <span class='ocrx_word' id='word_1_186' title='bbox 284 3311 394 3394; x_wconf 82' lang='lat' dir='ltr'>quales</span> <span class='ocrx_word' id='word_1_187' title='bbox 417 3313 521 3375; x_wconf 88' lang='lat' dir='ltr'>teneri</span> <span class='ocrx_word' id='word_1_188' title='bbox 543 3312 686 3396; x_wconf 85' lang='lat' dir='ltr'>ploravit</span> <span class='ocrx_word' id='word_1_189' title='bbox 710 3314 814 3378; x_wconf 85' lang='lat' dir='ltr'>amice</span> <span class='ocrx_word' id='word_1_190' title='bbox 838 3311 959 3380; x_wconf 82' lang='lat' dir='ltr'>Catulli</span> 
     </span>
     <span class='ocr_line' id='line_1_32' title="bbox 76 3395 896 3486; baseline 0.02 -32"><span class='ocrx_word' id='word_1_191' title='bbox 76 3448 79 3454; x_wconf 88' lang='lat'>.</span> <span class='ocrx_word' id='word_1_192' title='bbox 208 3395 362 3480; x_wconf 65' lang='lat' dir='ltr'>‘Lesbie,</span> <span class='ocrx_word' id='word_1_193' title='bbox 384 3399 538 3483; x_wconf 86' lang='lat' dir='ltr'>nequitiis</span> <span class='ocrx_word' id='word_1_194' title='bbox 562 3403 704 3486; x_wconf 86' lang='lat' dir='ltr'>passeris</span> <span class='ocrx_word' id='word_1_195' title='bbox 729 3401 809 3468; x_wconf 86' lang='lat' dir='ltr'>orbe</span> <span class='ocrx_word' id='word_1_196' title='bbox 832 3405 896 3486; x_wconf 89' lang='lat' dir='ltr'>sui,</span> 
     </span>
     <span class='ocr_line' id='line_1_33' title="bbox 157 3481 1023 3579; baseline 0.015 -33"><span class='ocrx_word' id='word_1_197' title='bbox 157 3481 248 3547; x_wconf 81' lang='lat' dir='ltr'>uVel</span> <span class='ocrx_word' id='word_1_198' title='bbox 272 3481 393 3550; x_wconf 84' lang='lat' dir='ltr'>Stellae</span> <span class='ocrx_word' id='word_1_199' title='bbox 417 3491 548 3552; x_wconf 80' lang='lat' dir='ltr'>cantate</span> <span class='ocrx_word' id='word_1_200' title='bbox 570 3511 642 3556; x_wconf 89' lang='lat' dir='ltr'>meo</span> <span class='ocrx_word' id='word_1_201' title='bbox 667 3512 746 3574; x_wconf 88' lang='lat' dir='ltr'>quas</span> <span class='ocrx_word' id='word_1_202' title='bbox 771 3491 861 3557; x_wconf 87' lang='lat' dir='ltr'>flevit</span> <span class='ocrx_word' id='word_1_203' title='bbox 882 3491 1023 3579; x_wconf 79' lang='lat' dir='ltr'>Ianthis,</span> 
     </span>
     <span class='ocr_line' id='line_1_34' title="bbox 90 3567 947 3664; baseline 0.016 -31"><span class='ocrx_word' id='word_1_204' title='bbox 90 3613 91 3618; x_wconf 22' lang='grc' dir='ltr'><strong>κ</strong></span> <span class='ocrx_word' id='word_1_205' title='bbox 229 3567 330 3636; x_wconf 77' lang='lat' dir='ltr'>euius</span> <span class='ocrx_word' id='word_1_206' title='bbox 352 3572 388 3637; x_wconf 90' lang='lat' dir='ltr'>in</span> <span class='ocrx_word' id='word_1_207' title='bbox 409 3573 525 3659; x_wconf 83' lang='lat' dir='ltr'>Elysio</span> <span class='ocrx_word' id='word_1_208' title='bbox 548 3579 643 3664; x_wconf 83' lang='lat' dir='ltr'>nigra</span> <span class='ocrx_word' id='word_1_209' title='bbox 667 3579 826 3659; x_wconf 28' lang='lat' dir='ltr'>columba·</span> <span class='ocrx_word' id='word_1_210' title='bbox 841 3582 947 3647; x_wconf 78' lang='lat' dir='ltr'>volut:</span> 
     </span>
    </p>
   </div>
   <div class='ocr_carea' id='block_1_10' title="bbox 0 0 1299 4038">
    <p class='ocr_par' dir='ltr' id='par_1_13' title="bbox 0 0 1299 4038">
     <span class='ocr_line' id='line_1_35' title="bbox 0 0 1299 4038; baseline 0 0"><span class='ocrx_word' id='word_1_211' title='bbox 0 0 1299 4038; x_wconf 95' lang='lat' dir='ltr'> </span> 
     </span>
    </p>
   </div>
  </div>
 </body>
</html>
