2528 4038
13 7 148 96 V

110 171 222 258 Ἰ100
350 173 354 186 ·
484 170 523 226 n.
541 169 626 230 vsa.
644 167 845 228 ussurus
981 219 984 226 ,
1078 195 1086 212 .

200 335 280 402 Tam
304 356 372 403 uon
394 334 505 402 invida
528 337 661 418 tamque
684 331 847 416 liberalis,

114 467 117 472 -
200 423 283 490 'Pam
306 423 391 492 comi
414 427 506 510 patet
529 421 770 508 hospitalitate:

201 511 322 580 Credas
347 513 476 579 Alcinoi
499 511 572 597 pios
596 509 735 576 Penates
818 517 821 524 '

156 601 283 687 aoAut,
304 601 384 668 facti
408 599 504 667 modo
528 599 651 684 diuitis,
673 597 842 665 Molorchi.

200 689 270 757 Vos
292 713 378 757 nunc
401 685 511 756 omnia
533 711 636 774 parva
659 689 714 776 qui
737 687 875 773 putatis,

201 777 345 847 Centeno
369 778 513 867 gelidum
537 777 648 864 ligone
671 775 776 842 Tibur

200 867 263 934 Vel
286 867 461 934 Praeneste
485 867 615 933 domate
639 865 878 952 pendulamque
983 949 985 954 ,

190 956 267 1024 'Uni
290 957 398 1024 dedite
421 955 546 1023 Setiam
569 956 700 1039 colono,
874 1013 876 1020 .

157 1061 192 1111 co
202 1043 289 1112 Dum
311 1068 363 1112 me
385 1045 489 1112 iudice
513 1043 741 1131 praeferantur
763 1041 837 1108 istis
952 1085 954 1088 -
1069 1125 1073 1135 1

201 1133 265 1200 Iuli
288 1135 402 1221 iugera
424 1155 529 1222 pauca
550 1131 725 1200 Martialis.

615 1261 714 1332 LXV.

203 1361 304 1429 Oculo
327 1361 494 1430 Philaenis
518 1385 646 1450 semper
669 1363 773 1430 altero
796 1337 915 1450 plorat
937 1349 939 1354 ¹

203 1449 274 1528 Quo
297 1452 357 1518 liat
378 1453 468 1520 istud
490 1453 646 1539 quaeritis
670 1451 790 1518 modo?
814 1451 904 1518 lusca
928 1454 989 1518 est.

202 1689 314 1777 Egisti
337 1691 438 1756 vitam
463 1713 603 1776 semper,
626 1689 718 1769 Line,
742 1689 998 1775 municipalem„

248 1776 318 1854 Qua
339 1780 423 1845 nihil
447 1781 580 1846 omnino
603 1779 701 1844 vilius
725 1800 796 1844 esse
819 1783 938 1866 potest.

202 1866 316 1933 Idibus
339 1872 373 1934 et
396 1869 479 1934 raris
502 1869 617 1956 togula
640 1870 691 1932 cst
713 1889 848 1934 excussa
869 1866 1026 1934 Kalendis

208 2027 210 2029 ,
247 1955 350 2022 Duxit
374 1961 407 2022 et
429 1960 570 2044 aestates
593 1956 759 2042 synthesis
782 1979 847 2022 una
871 1956 990 2024 decem.
1250 2033 1251 2036 Ἴ

177 2043 316 2112 osaltus
336 2067 465 2132 aprum,
483 2068 617 2132 campus
636 2046 781 2129 leporem
795 2045 857 2110 tibi
872 2045 964 2111 misit
978 2045 1167 2133 inemptum,
1250 2041 1251 2046 ¹

248 2132 339 2200 Silva
362 2154 479 2221 graves
502 2136 615 2200 turdos
639 2133 807 2220 exagitata
830 2134 932 2217 dedit,

75 2253 79 2260 ·
106 2269 109 2274 -
204 2221 328 2375 Captus
350 2223 504 2288 flumineo
527 2224 618 2288 venit
640 2223 679 2288 de
691 2209 834 2308 'gurgite
856 2222 969 2308 piscis,

280 2312 334 2376 ina
357 2312 455 2376 ruber
476 2311 562 2376 fudit
585 2333 652 2378 non
674 2311 846 2396 peregrina
869 2311 976 2378 cadus.

203 2398 273 2466 Nec
295 2404 388 2465 tener
411 2400 568 2488 Argolica
591 2402 710 2466 missus
734 2399 772 2464 de
796 2405 892 2485 gente
915 2399 1081 2487 minister,

161 2506 194 2554 ιο
250 2487 311 2554 Sed
335 2490 429 2554 stetit
452 2490 567 2555 inculti
591 2490 715 2554 rustica
737 2490 835 2554 turba
857 2488 931 2555 foci.

204 2576 313 2644 Vilica
335 2579 388 2643 vel
411 2577 484 2643 duri
506 2600 692 2664 compressa
715 2580 766 2642 est
787 2582 892 2662 nupta
914 2577 1036 2664 coloni,

248 2665 389 2732 Incaluit
413 2667 563 2752 quotiens
587 2667 698 2732 saucia
720 2687 802 2732 vena
826 2688 924 2732 mero.

204 2753 273 2821 Nec
295 2755 407 2821 nocuit
429 2756 526 2821 tectis
549 2757 651 2842 ignis,
674 2775 734 2820 nec
757 2753 860 2822 Sirius
884 2755 988 2842 agris,

248 2841 317 2909 Nec
340 2865 448 2910 mersa
470 2848 521 2909 est
544 2846 676 2932 pelago,
698 2865 758 2910 nec
780 2843 844 2910 fuit
866 2845 936 2912 ulla
958 2846 1052 2912 ratis.

161 2950 193 2998 15
205 2930 384 3018 Subposita
407 2937 457 2998 est
480 2933 600 2999 blando
623 2955 790 3020 nunquam
814 2933 876 2998 tibi
900 2938 1023 3001 tessera
1047 2937 1130 3021 talo,

248 3020 331 3086 Alea
354 3020 410 3086 sed
433 3045 550 3106 parcae
574 3023 645 3089 sola
667 3023 756 3088 lucre
778 3044 886 3088 nuces.

203 3109 279 3194 Dic,
301 3111 359 3175 ubi
381 3111 426 3176 sit
449 3109 568 3193 decies,
591 3117 697 3178 mater
721 3111 807 3198 quod
830 3133 930 3178 avara
952 3113 1118 3197 reliquit.¹

248 3197 421 3284 Nusquam
444 3204 507 3264 est:
531 3199 638 3266 fecisti
660 3223 743 3286 rem,
766 3199 862 3281 Line,
885 3200 1062 3270 difficilem.

601 3341 734 3410 LXVII.

205 3433 393 3501 Praetorem
415 3458 539 3523 pauper
563 3443 693 3505 centum
716 3441 869 3506 sestertia
893 3439 1020 3508 Gaurus
1131 3472 1138 3486 ·

249 3521 375 3590 Orabat
398 3546 480 3590 caua
502 3531 600 3594 notus
624 3529 780 3620 amicitia,
