2596 4034
185 145 251 213 238
514 145 553 204 M.
572 144 652 202 VAL
672 142 873 200 MARTIALIS

651 305 736 373 XLI.

229 395 341 464 Mense
364 418 450 464 novo
472 395 546 462 Iani
569 400 726 480 ueterem,
749 393 933 480 Proculeia,
956 393 1113 461 meritum

273 485 404 552 Deseris
429 490 525 571 alque
548 485 640 551 iubes
663 507 716 551 res
739 483 802 548 sibi
825 483 946 550 hebere
971 505 1057 549 sues.

230 572 323 660 Quid,
332 596 423 662 rogo,
433 575 510 660 quid
520 574 643 640 facium
654 573 726 638 esl?
741 572 842 638 subiti
857 594 938 658 quae
949 595 1047 638 causa
1056 571 1202 638 doloris?

273 662 330 729 Nil
354 663 435 729 mihi
458 663 658 750 respondes?
694 659 810 728 Dicam
834 681 910 747 ego,
932 666 1065 747 praetor
1089 665 1172 727 ereb:

204 749 431 819 oGonslalura
453 752 516 818 fuit
540 750 738 840 Megalensis
762 771 907 836 purpura
930 755 1062 818 cenlum

273 839 422 925 Milibus,
445 845 482 906 ut
504 841 641 907 nimium
664 860 798 906 munera
820 861 920 924 parca
943 840 1050 925 dares,

130 941 133 950 '
229 929 276 995 Et
299 931 457 1015 populare
481 953 609 997 sacrum
632 929 685 994 bis
708 927 800 994 milia
822 927 905 994 dena
928 929 1067 994 tulisset.

213 1035 216 1041 '
273 1015 456 1084 Discidium
480 1041 545 1085 non
569 1022 619 1083 esl
641 1017 717 1102 hoc,
739 1015 922 1082 Proculeio:
944 1017 1070 1124 lucrum
1094 1021 1151 1083 esi

229 1237 313 1305 Tam
335 1237 435 1304 dubia
458 1242 509 1304 esl
532 1239 653 1324 lanugo
677 1239 752 1322 tibi,
776 1242 843 1304 tam
869 1238 990 1325 mollis,
1013 1239 1167 1306 utillum

274 1325 408 1392 Halitus
432 1331 465 1392 et
487 1327 574 1393 soles
598 1333 631 1394 cl
654 1327 736 1394 levis
760 1349 840 1394 aura
863 1331 958 1393 ierat.

160 1496 164 1502 Ι
230 1413 388 1482 Celantur
411 1415 511 1480 simili
534 1421 671 1482 ventura
694 1414 847 1501 Cydonea
870 1416 961 1500 lena,

274 1502 399 1570 Pollice
422 1504 570 1590 virgineo
595 1525 677 1590 quae
701 1505 843 1590 spoliala
865 1506 981 1570 nilenl.

204 1590 361 1660 cForiius
384 1591 536 1677 impressi
560 1593 709 1680 quotiens
733 1593 795 1658 tibi
817 1593 911 1658 basia
935 1593 1089 1679 quinque,

273 1679 438 1747 Barbalus
461 1680 578 1766 labris,
600 1681 776 1766 Dindyme‚
799 1682 840 1748 fio
864 1681 939 1748 luis.

634 1813 761 1880 xum.-

233 1900 382 1988 Sepiima
404 1903 485 1988 iam,
507 1901 670 1988 Phileros,
692 1902 754 1968 libi
777 1902 926 1968 conditur
948 1923 1030 1969 uxor
1054 1903 1089 1968 in
1112 1925 1202 1991 agro.

274 1989 353 2057 Plus
376 1991 474 2071 nulli,
497 1990 663 2076 Phileros,
686 2013 784 2076 quam
808 1991 885 2089 cibi,
907 1991 1013 2058 reddil
1037 2013 1123 2079 eger.

636 2122 751 2189 XLIV.

230 2210 349 2288 Quinte
372 2210 566 2279 Caledonios
590 2211 687 2278 Ovidi
709 2212 818 2278 visure
841 2211 1018 2279 Britannos

274 2299 318 2366 Et
340 2300 477 2366 viridem
500 2300 630 2385 Tethyn
653 2300 879 2387 Oceanumque
902 2307 1046 2386 patrem,

230 2389 320 2474 Ergo
343 2388 470 2455 Numae
494 2389 594 2455 colles
618 2394 651 2454 et
674 2389 882 2456 Nomentana
903 2391 1062 2477 relinquis

275 2477 364 2562 Otia,
385 2500 446 2544 nec
468 2478 589 2543 relinet
612 2500 731 2564 rusque
754 2479 909 2564 focusque
934 2479 1066 2545 senem?

204 2565 358 2634 oGaudia
380 2571 417 2631 tu
440 2566 562 2651 differs,
587 2571 621 2632 al
644 2589 711 2632 non
733 2572 766 2633 ei
790 2571 932 2634 stamina
955 2569 1064 2634 differt

274 2655 436 2740 Atropos,
459 2660 556 2740 alque
580 2657 685 2721 omnis
710 2657 864 2722 scribitur
885 2657 969 2723 hora
992 2657 1063 2722 tibi.

229 2743 438 2809 Praestiteris
462 2765 538 2809 cero
556 2780 593 2792 -
611 2745 683 2830 quis
701 2767 769 2812 non
789 2745 851 2811 hoe
874 2747 1010 2812 laudet?
1027 2782 1065 2794 -
1082 2745 1204 2830 amico,

275 2832 322 2918 Ul
344 2833 453 2918 potior
475 2833 544 2898 vila
568 2835 695 2899 sicubi
719 2839 835 2902 sancle
858 2835 952 2920 fides;

231 2919 294 2987 Sed
317 2922 450 2986 reddare
474 2922 539 2986 iuis
563 2921 695 2988 landem
718 2945 870 2988 mansure
895 2921 1025 2992 Sabinis

188 3027 221 3076 ιο
277 3009 387 3095 'leque
410 3015 485 3076 tues
508 3033 658 3076 numeres
682 3012 769 3076 inter
792 3011 963 3078 amicitias.

232 3229 267 3296 Si
290 3230 366 3316 quid
389 3231 463 3296 lene
485 3231 548 3296 mei
572 3141 742 3298 diouiliiii
763 3233 855 3298 dulce
877 3231 997 3318 libelli,

278 3317 313 3386 si
337 3320 413 3405 quid
437 3321 651 3387 honorificum
675 3321 797 3408 pagina
820 3322 941 3387 blanda
964 3326 1072 3405 sonet,

231 3407 303 3473 Hoc
326 3412 364 3474 lu
386 3410 506 3494 pingue
530 3415 625 3494 pules
650 3415 683 3476 el
707 3417 833 3477 costam
855 3411 969 3476 rodere
994 3411 1112 3495 mavis,

276 3495 340 3561 Ilia
362 3495 535 3563 Laurenlis
560 3522 631 3566 cum
655 3500 717 3565 tibi
740 3501 852 3565 demus
877 3500 956 3586 apri.
