2596 4034
423 169 724 226 EPIGRAMMATON
742 171 810 229 ΜΒ.
829 171 877 228 ΙΧ.
1042 244 1043 247 ¹
1092 175 1157 241 225

184 335 379 420 Aeripedem
404 325 496 399 silvis
521 357 664 420 oervam,
688 333 935 420 Stymphalidas
958 337 1058 402 astris

227 424 391 506 Abstulit,
416 424 457 488 ab
483 421 598 509 Stygia
622 447 693 490 oum
718 447 796 490 cane
819 426 909 490 venit
932 447 1031 510 aqua,

182 513 363 578 Ieeundam
388 536 427 577 ve
430 513 493 577 tuit
516 447 674 616 deputari
686 518 773 579 mort
759 514 848 579 tibus
872 514 1023 600 hydram,

21 597 30 644 ἶ
140 620 172 668 10
228 601 404 687 Hesperias
429 601 535 668 Tusco
559 601 674 668 lavit'
628 605 699 667 tm
722 623 816 668 amne
840 603 977 693 boves·

182 688 271 757 Haeo
295 693 402 756 minor
425 691 571 756 Alcides:
594 691 699 756 maior
722 713 804 778 quae
828 693 980 776 gesserit,
971 657 1092 789 audi,

228 778 306 846 Sext
292 784 344 845 tus
369 779 410 846 ab
435 780 574 850 Albana
591 801 686 864 quem
709 780 789 845 colit
812 803 886 846 aree
910 743 1004 868 lapis.

182 869 339 934 Adseruit
362 889 514 954 possessa
537 869 633 934 malis
656 868 764 934 Palat'
739 873 787 934 tra
809 869 934 957 regnis,

225 956 338 1023 Prima
361 980 419 1024 suo
443 959 577 1044 gessit
571 980 631 1044 pro
654 957 732 1024 Iove
754 959 842 1024 bella
866 981 959 1045 puer3

5 1033 16 1082 ·.
139 1043 278 1110 roSolus
301 1047 409 1112 Iuleas
434 1069 505 1112 oum
529 1046 596 1112 iam
619 1048 773 1112 retineret
796 1047 955 1134 habenas,

228 1133 409 1200 Tradidit
363 1139 499 1220 trnque
523 1155 582 1200 suo
606 1135 724 1200 tertius
748 1137 827 1200 orbe
849 1136 927 1221 fuit3

184 1221 313 1288 Cornua
337 1222 512 1289 Sarmatici
535 1228 587 1288 ter
609 1223 732 1308 perfida
755 1246 816 1290 eon
817 1227 903 1290 tudit
925 1224 1046 1312 Histri,

228 1310 407 1377 Sudantem
431 1311 505 1378 Get·
480 1316 546 1378 tma
569 1313 716 1378 terniue
740 1312 823 1378 lavit
846 1335 979 1400 equum;

183 1399 286 1486 Saepe
310 1406 478 1468 recusatos
501 1423 619 1486 pareus
643 1401 811 1482 duxisset
796 1403 981 1488 triumphos

138 1505 172 1555 20
227 1489 305 1556 Vict
290 1494 343 1556 tor
365 1489 579 1576 Hyperboreo
603 1512 720 1556 nomen
745 1491 787 1556 ab
811 1492 889 1558 orbe
912 1492 1004 1576 tulit3

182 1579 319 1664 Templa
342 1579 425 1663 deis,
447 1601 555 1644 mores
579 1580 707 1664 populo
726 1579 827 1665 dedit,
851 1581 920 1646 otia
942 1541 1090 1667 ferio,

227 1670 329 1734 Astra
352 1669 433 1752 suis,
457 1668 547 1733 caelo
571 1667 690 1750 sidera,
714 1672 803 1734 serta
825 1667 905 1736 lori.

10 1771 17 1792 ¹
129 1839 130 1842 Ἴ
182 1756 378 1823 Herculeum
402 1757 506 1822 tantis
529 1775 650 1822 numen
672 1777 740 1821 non
763 1756 884 1824 suffieit
908 1757 1003 1824 actis:

180 1867 191 1918 ι
228 1845 366 1930 Tarpeio
391 1845 470 1911 deus
492 1845 548 1910 hio
571 1844 755 1934 commodet
778 1867 836 1935 ora
858 1848 966 1940 patri..
988 1887 996 1940 κ-

614 2001 729 2071 ΟΠ..

9 2141 20 2218 ε.
97 2132 98 2135 ’
149 2100 166 2136 ''
183 2111 504 2198 Quadringentorum
528 2109 636 2175 reddis
660 2111 756 2192 mihi,
778 2109 924 2197 Phoebe,
947 2112 1100 2178 tabellas:
1147 2123 1148 2126 ’

227 2199 364 2266 Centum
389 2199 431 2265 da
452 2200 563 2286 potius
587 2203 714 2284 mutua,
737 2198 882 2284 Phoebe,
905 2201 996 2267 mihi.

170 2291 307 2367 ,Quaere
332 2289 448 2373 alium,
471 2289 522 2355 oui
547 2292 580 2353 te
603 2293 672 2354 tam
695 2310 780 2354 vano
804 2310 936 2355 munere
958 2291 1073 2356 iactes:
1137 2325 1138 2328 π

167 2387 170 2392 “
227 2377 320 2456 Quod
339 2379 403 2444 tibi
421 2400 488 2444 non
506 2399 641 2464 possum
661 2376 800 2462 solvere,
814 2378 958 2464 Phoebe,
973 2401 1081 2446 meum
1096 2385 1154 2448 eat

607 2533 691 2604 ΟΙΠ.

182 2645 271 2722 Quae
296 2665 392 2708 nova
402 2646 474 2706 tam
497 2642 618 2707 similes
639 2642 786 2728 genuitt
739 2643 833 2708 ttibi
851 2642 940 2710 Leda
961 2645 1075 2712 minist
1060 2645 1153 2712 tros?

106 2789 108 2792 .
226 2733 317 2810 Quae
341 2736 438 2818 capta
419 2735 512 2796 aest
535 2731 600 2797 alio
623 2731 710 2797 nuda
733 2730 882 2797 Lacaena
905 2734 1033 2819 oygno?

180 2821 249 2888 Dat
270 2821 389 2886 faeiem
412 2820 528 2886 Pollux
550 2819 666 2904 Hiero,
689 2820 746 2885 dat
770 2818 849 2886 Cast
834 2825 887 2887 tor
909 2822 1028 2908 Asylo,

225 2911 367 2994 Atque
358 2931 392 2974 m
415 2914 554 2994 utroque
577 2910 611 2975 ni
613 2913 662 2974 tet
685 2909 845 2994 Tyndaris
869 2931 924 2976 oro
948 2933 1070 2979 soror.

5 2961 21 3073 ,i
124 3057 125 3060 ,
154 3000 230 3066 5Is
216 3004 252 3066 a
274 2998 546 3083 Therapnaeis
521 3021 549 3063 sr
571 2998 679 3064 forma
702 2998 818 3063 fuisset
839 2997 1002 3085 Amyclis,

226 3087 310 3155 Cum
333 3087 440 3154 vicere
464 3087 543 3152 duas
568 3087 652 3153 dona
675 3087 802 3153 minora
824 3087 915 3172 deas,

180 3178 374 3260 Mansisses,
396 3175 535 3258 Helene,
558 3175 801 3263 Phrygiamque
824 3176 962 3242 redisset
984 3178 1019 3244 in
1043 3178 1134 3246 Idam

221 3265 412 3334 ‘Dardanius
436 3265 566 3354 gemino
591 3287 664 3332 oum
688 3265 875 3352 Ganymede
899 3265 1002 3334 Paris.

563 3479 724 3493 ——n-a-
760 3492 762 3494 .
