2528 4038
356 203 657 264 EPIGRAMMA‘I'ON
674 205 743 264 nlo.
762 208 809 264 vl.
1031 207 1092 274 131

115 364 245 434 Versus
269 369 411 435 scribere
435 369 492 456 qui
514 371 627 456 potest
650 369 805 456 disertos,
924 359 928 366 ¹

12 490 14 552 ς
116 452 329 539 Conscribat,
351 457 483 526 Laberi:
507 459 614 525 virum
637 459 770 544 putabo.

549 618 621 686 XV.

11 732 14 764 ³
111 721 205 788 ‚Dum
230 723 459 793 Phaethontea
481 725 621 792 formica
643 729 785 814 vagatur
805 727 839 794 in
862 727 994 813 umbra,

160 812 321 899 Inplicuit
344 818 474 882 tenuem
499 816 611 882 sucina
635 821 732 904 gutta
754 815 867 884 feram.

117 897 172 966 Sic
196 904 297 968 modo
322 925 403 989 qnae
425 904 534 970 fuerat
556 906 627 972 rita
650 909 837 992 contempta
860 909 1025 992 manento,

160 987 348 1058 Funeribus
371 992 460 1059 facta
484 999 534 1060 est
556 1016 642 1060 nuno
665 994 811 1082 pretiosa
834 995 911 1061 suis.
995 1047 998 1056 .

541 1151 630 1222 XVI.

40 1315 49 1324 .
92 1313 94 1316 .
117 1255 168 1324 Tu
193 1259 252 1346 qui
273 1281 355 1345 pane
378 1259 467 1327 viros
490 1264 594 1327 terres
618 1265 652 1326 et
674 1261 757 1328 falce
780 1259 947 1347 cinaedos,

160 1346 284 1435 Iugera
306 1350 442 1436 sepositi
465 1373 568 1434 pauca
591 1353 683 1416 tuere
707 1347 778 1417 soli.

119 1431 173 1502 Sic
196 1442 256 1503 tna
277 1460 344 1504 uon
368 1439 495 1504 intrant
516 1439 619 1505 vetuli
642 1439 790 1524 pomaria
813 1439 916 1518 fures,

164 1523 230 1594 Sed
252 1549 334 1612 puer
357 1527 523 1616 oblongis
546 1527 683 1613 pulchra
705 1529 816 1614 puella
839 1527 950 1594 comis.

533 1685 638 1752 XVII.

119 1787 271 1876 Cinnam,
294 1790 465 1871 Cinnanis,
488 1796 521 1858 ta
544 1792 637 1857 iubes
660 1791 779 1858 vocari.
823 1853 824 1856 ,

118 1875 195 1946 Non
220 1885 270 1946 est
292 1881 360 1965 hio,
382 1903 479 1968 rogo,
503 1879 622 1966 Cinna,
644 1880 891 1948 barbarismus?
930 1935 931 1938 ,
1003 1902 1008 1912 ’

108 1966 169 2033 'Tu
194 1971 222 2035 si
244 1969 363 2035 Furius
388 1970 592 2035 antedictus
616 1991 718 2054 esses,

118 2053 185 2122 Fur
207 2058 273 2124 ista
295 2060 425 2124 ratione
448 2057 609 2125 dicereris.

525 2217 645 2284 XVIII.

83 2339 89 2350 ’
121 2319 241 2392 Sancta
265 2323 414 2390 Salonini
436 2323 534 2390 terris
557 2323 732 2409 requiescit
753 2323 900 2409 Hiberis,

165 2413 238 2492 Qua
260 2413 378 2480 melior
402 2411 535 2498 Stygias
558 2433 624 2478 non
646 2413 736 2478 ridet
758 2412 876 2479 umbra
898 2412 1020 2481 domos.

121 2496 182 2568 Sed
205 2503 318 2587 lugere
341 2501 446 2566 nefas:
469 2501 626 2586 namqui
649 2506 696 2586 te,
719 2500 843 2585 Prisce,
866 2502 1013 2588 reliquit,

164 2590 257 2658 Vivit
279 2613 343 2678 qua
366 2590 472 2657 voluit
493 2592 601 2655 vivore
623 2595 717 2676 parte
740 2591 854 2678 magis.

447 2801 450 2806 .
539 2748 690 2816 XIX.

118 2854 195 2924 Non
217 2857 257 2924 da
280 2858 314 2924 vi
336 2879 441 2942 neque
465 2855 561 2922 caede
584 2878 644 2923 nec
666 2878 804 2944 veneno,
832 2925 834 2930 ,

27 3000 28 3004 ,
121 2944 182 3014 sed
205 2948 248 3014 lis
272 2949 323 3013 est
345 2945 427 3011 mihi
450 2945 488 3010 de
511 2945 618 3010 tribus
642 2947 790 3030 capellis:

118 3033 225 3104 Vicini
249 3057 367 3122 queror
388 3035 449 3100 has
473 3035 587 3100 abasse
609 3034 715 3101 furto·
815 3065 817 3068 ·

119 3123 189 3192 Hoc
211 3124 307 3190 iudex
331 3124 396 3190 sibi
419 3123 566 3208 postulat
588 3123 735 3208 probari:

95 3213 166 3280 oTu
190 3213 321 3280 Cannas
344 3211 668 3295 Mithridaticumque
691 3209 816 3277 ballum

118 3303 162 3370 Et
185 3303 330 3391 periuria
351 3301 466 3367 Punici
488 3299 609 3366 furoris

117 3392 162 3460 Et
185 3391 295 3458 Sullas
318 3389 504 3477 Mariosque
527 3387 718 3472 Muciosque

117 3480 339 3569 Magnarocc
363 3502 460 3546 sonas
484 3498 645 3560 manuque
669 3480 749 3541 tota.

117 3571 187 3637 Iam
211 3569 276 3656 dio,
297 3569 468 3650 Postume,
492 3567 530 3632 de
553 3565 658 3630 tribus
681 3560 825 3650 capellis.
