2596 4032
190 216 258 284 auo
321 271 324 276 .
382 214 520 274 mvsa
538 184 735 272 ussumms
753 209 870 268 amos.
890 209 921 270 u.
941 209 1016 268 x111.

533 371 648 444 CXXI.
671 375 866 460 Paeonum.

233 485 375 553 Marsico
396 483 547 570 Paeligni
570 483 706 550 mittunt
729 482 865 548 turbata
887 480 1011 550 coloni:

278 573 355 642 Non
376 579 428 660 tu,
449 573 589 640 libertus
612 571 668 638 sed
691 571 787 639 bibat
809 571 867 638 illa
889 573 975 656 tuus.

554 711 685 781 CXXII
707 713 847 779 Acetum.

234 821 405 910 Amphora
427 819 548 888 Niliaci
570 841 637 887 non
660 819 704 884 sit
727 818 792 884 tibi
815 818 891 884 vilis
915 816 1019 885 aceti:

176 973 180 978 .
277 911 378 978 Esset
401 933 474 978 oum
497 910 624 993 vinum,
647 907 744 973 vilior
766 906 825 972 illa
847 905 920 972 fuit

489 1047 637 1118 CXXIII.
659 1047 912 1116 Massilitanum.

236 1156 317 1226 (lum
340 1160 575 1235 tuacentenos
599 1157 764 1242 expunget
788 1154 938 1241 sportula
960 1154 1063 1240 cives,

166 1275 169 1280 ·
278 1246 402 1313 Fumea
424 1245 592 1312 Massiliae
615 1265 736 1330 ponere
759 1243 837 1309 vina
860 1247 964 1330 potes.
994 1255 995 1258 ’

509 1384 664 1453 CXXIV
678 1384 893 1454 Caeretanum.

168 1556 172 1566 .
235 1482 416 1561 Caeretana
437 1491 549 1578 Nepos
571 1495 687 1578 ponat,
711 1490 824 1559 Setina
847 1491 990 1578 putabis.

279 1580 356 1649 Non
377 1581 472 1668 ponit
494 1582 623 1666 turbae,
647 1603 719 1646 oum
743 1581 849 1646 tribus
873 1581 931 1646 ille
953 1579 1047 1646 bibit.

519 1721 647 1789 CXXV.
674 1723 887 1788 Tarentinum.

234 1828 363 1897 Nobilis
386 1833 419 1896 et
441 1829 526 1896 lanis
549 1834 583 1894 et
605 1828 685 1894 felix
707 1828 829 1894 vitibus
852 1828 963 1894 Aulon

279 1919 345 1994 Det
366 1919 512 2008 pretiosa
534 1917 597 1984 tibi
620 1917 754 2002 vellera,
777 1917 854 1982 vina
876 1917 983 2004 milui.v

491 2056 657 2150 CXXVI.
686 2057 889 2142 menelaum.
908 2033 919 2059 ⁵
1023 2033 1026 2037 ’
1063 2033 1065 2036 ’

235 2165 446 2254 Unguentum
469 2165 581 2232 heredi
603 2185 770 2250 nunquam
792 2187 851 2230 neo
873 2165 950 2232 vina
973 2163 1151 2252 relinquas,

280 2253 342 2319 Ille
365 2255 486 2320 habeat
508 2276 673 2339 nummos,
696 2253 777 2318 haee
799 2253 862 2319 tibi
885 2259 957 2321 tota
980 2253 1065 2323 dato.

487 2393 648 2462 CXXVII.
672 2394 794 2462 Corona
816 2415 912 2462 rosea

236 2501 303 2568 Dat
325 2501 511 2587 festinatas,
536 2501 667 2582 Caesar,
690 2502 752 2567 tibi
775 2502 890 2568 bruma
913 2524 1064 2581 coronas:

271 2590 453 2668 Quondam
476 2591 561 2658 veris
585 2595 669 2676 erat,
691 2612 777 2657 nuno
799 2596 856 2657 tua
878 2590 968 2659 taeta
991 2613 1066 2658 rosa
1089 2597 1157 2662 est.
