2528 4038
11 122 15 161 l

361 240 660 299 EPIGRAMMA‘ION
679 239 748 297 [ΑΒ.
768 239 828 298 VIL
1044 241 1106 309 153

118 407 199 474 Lux
224 429 299 473 mea
321 427 388 472 non
411 405 540 490 capitur
562 405 659 490 nugis
683 427 787 490 neque
811 405 958 472 moribus
982 405 1027 473 ist
1012 405 1070 494 tis,

171 494 244 563 Nec
268 495 418 562 dominae
441 499 516 582 pect
517 517 555 561 us
579 497 660 562 talia
683 494 802 561 damna
825 499 972 562 movent:

2 599 4 654 l
120 585 185 651 Bis
212 585 311 651 denos
335 605 472 670 puerum
496 587 721 654 numerantem
745 583 887 670 perdidit
910 605 1027 671 annos,

3 701 4 704 ¹
73 692 108 741 10
172 672 324 739 Mentula
347 674 399 740 oui
421 672 566 740 nondum
590 673 826 808 sesquipedalis
850 677 931 741 erat.

121 923 210 1002 Quis
234 943 315 1009 puer
337 921 392 988 hic
414 921 527 988 nitidis
552 922 687 989 absistit
709 921 881 990 Ianthidos
904 923 998 989 undis

172 1011 222 1078 Et
244 1011 367 1098 fugitat
315 1011 555 1077 ttdominam
579 1011 707 1078 Naida?
731 1011 887 1097 numquid
911 1011 1038 1097 Hylas?

122 1101 152 1168 Ο
179 1101 278 1186 bene,
302 1101 390 1185 quod
413 1100 496 1166 silva
519 1101 639 1167 colitur
663 1101 780 1185 Tirynt
766 1101 856 1166 thius
879 1100 946 1167 ista

172 1189 222 1256 Et
246 1190 334 1274 quod
358 1189 532 1255 amatrices
557 1193 626 1254 tam
649 1211 750 1276 prope
775 1192 885 1255 servat
907 1189 1025 1274 aquas!

93 1279 271 1347 oseourus
295 1277 374 1344 licet
396 1279 458 1343 hos
481 1271 605 1363 fontes,
627 1279 698 1344 mo
677 1299 798 1380 gynne,
821 1277 1002 1344 ministres.

174 1366 236 1434 Nil
258 1366 382 1434 facient
405 1365 593 1453 Nymphae:
615 1390 656 1432 ne
677 1333 792 1434 velit'
746 1370 867 1452 t1pse,
889 1387 976 1434 cave.

554 1516 643 1584 XVI.

123 1615 220 1682 Aera
242 1613 332 1681 domi
353 1635 422 1680 non
445 1617 523 1680 sunt
528 1621 711 1702 ,teuperes
696 1616 797 1682 thoc
801 1613 967 1704 „Regule
985 1615 1106 1702 solnm,

71 1703 82 1724 ‘
177 1702 262 1770 Utt
247 1708 306 1770 tua
327 1703 507 1770 vendamus
527 1725 680 1814 munera.
703 1667 863 1791 numqbid
886 1667 991 1771 emid?

514 1817 724 1932 {XVIIy

127 1942 230 2010 Ruris
252 1942 457 2010 bibliotheca
479 1902 625 2030 delicati,

56 2040 60 2045 '
127 2031 286 2098 Vicinam
309 2033 399 2098 videt
421 2032 506 2099 unde
530 2033 596 2098 lect
581 2037 635 2099 tor
656 2034 785 2120 urbem,

128 2121 225 2186 Inter
248 2121 394 2188 carmina
417 2121 582 2188 sanctiora
610 2121 640 2187 si
663 2123 736 2208 quis

129 2209 290 2276 Lascivae
313 2209 413 2274 fuerit
436 2211 527 2276 locus
551 2210 701 2297 Thaliae,

100 2297 306 2366 5Hos11ido
329 2299 409 2364 licet
431 2299 556 2364 inseras
579 2300 632 2364 vel
655 2299 736 2384 imo,

0 2396 1 2417 ¹
131 2386 268 2472 Septem
292 2409 375 2472 quos
399 2387 462 2453 tibi
485 2387 635 2453 misimus
659 2387 789 2454 libellos

130 2475 289 2542 Auctoris
314 2476 441 2543 calamo
465 2477 516 2542 sui
539 2480 688 2554 notatos:

129 2563 224 2631 Haec
245 2565 313 2631 illis
336 2570 411 2651 pret
397 2564 585 2632 tiumfacit
607 2565 648 2630 lit
633 2569 717 2632 tura.

133 2654 181 2720 At
202 2658 241 2720 tu
264 2675 397 2720 munere
421 2653 561 2718 delicata
583 2676 686 2739 parvo

83 2762 119 2812 ιο
131 2741 223 2819 Quae
246 2742 433 2808 cantaberis
458 2743 537 2808 orbe
559 2747 641 2808 nota
621 2746 750 2830 atoto,

130 2831 258 2918 PIgnus
281 2833 357 2916 pect
359 2831 426 2896 oris
449 2829 512 2898 hoc
535 2829 600 2895 mei
623 2835 728 2920 tuere,

130 2919 198 2987 Iuli
221 2919 424 3005 bibliotheca
447 2919 536 2984 Mart
536 2919 621 2985 ialis.

535 3059 657 3128 XVIII.
701 3031 745 3102 Υ

130 3158 216 3228 cum
239 3159 303 3226 tibi
326 3159 371 3225 sit
394 3158 509 3244 facies,
533 3160 571 3225 de
596 3181 661 3245 qua
682 3181 743 3226 nec
765 3159 888 3226 femina
910 3161 1018 3246 possit

177 3249 309 3334 Dicere,
333 3269 407 3315 cum
430 3271 549 3335 corpus
572 3250 665 3316 nulla
688 3249 728 3314 lit
714 3253 788 3314 tura
810 3253 870 3316 not
871 3253 918 3334 et,

1 3380 2 3420 ;
129 3338 200 3407 Cur
224 3342 257 3403 te
280 3342 350 3404 tam
374 3359 469 3404 rarus
493 3337 605 3423 cupiat
628 3343 821 3424 repetatque
844 3337 987 3424 fututor,

176 3427 331 3494 Miraris?
368 3427 499 3492 Vitium
522 3433 663 3494 estnon
686 3429 771 3512 leve,
795 3426 904 3513 Galla,
928 3428 1005 3492 tibi:

97 3517 268 3586 sAccessi
292 3517 444 3600 quotiens
468 3515 510 3580 ad
533 3537 615 3602 opus
640 3517 817 3601 mixtisque
841 3537 1010 3582 movemur
1069 3527 1071 3530 ’

117 3617 120 3620 ’
175 3604 387 3692 Inguinibus,
411 3626 535 3670 cunnus
557 3627 624 3671 non
648 3610 749 3691 tacet,
772 3603 845 3689 ipsa
868 3609 966 3672 taces.

6 326 11 414 l

5 443 7 498 l

3 551 6 596 l
