2610 4048
398 198 698 258 EPIGRAMMATON
718 199 784 258 ΜΒ.
804 200 826 257 Ι.
1077 203 1122 270 33

108 363 206 432 sSed
230 365 259 431 si
282 386 342 438 nec
364 364 458 432 focus
483 368 616 432 estnec
639 358 719 430 nudi
743 365 870 451 sponda
894 365 1026 456 grabati

187 453 257 521 Neo
280 459 392 521 curtus
417 453 559 522 Chiones
583 454 788 539 Antiopesve
811 455 911 542 calix,

140 543 247 610 Cerea
271 544 299 609 si
322 544 444 628 pandat
467 543 590 610 lumbis
615 546 648 610 et
672 544 796 630 scripta
819 544 951 612 lacerna

186 631 415 718 Dimidiasque
437 637 531 698 nates
556 632 685 700 Gallica
708 633 807 700 braca
830 635 929 722 tegit,

137 721 348 788 Pasceris.et
371 723 487 810 nigrae
511 722 720 789 solonidorc
743 723 870 790 culinas

91 829 146 876 ro
187 809 233 876 Et
256 810 342 876 bibis
366 812 567 878 immundam
590 833 664 878 oum
687 834 767 878 cane
791 832 913 898 pronus
936 828 1071 896 aquam:

133 899 1116 986 Nonoulum-nequeenimestoulus,quinonoacatolim-

187 987 252 1055 Sed
275 987 399 1056 fodiam
424 989 528 1078 digito
548 989 605 1076 qui
628 995 778 1074 superest
797 989 945 1056 oculum:

138 1077 213 1144 Neo
237 1099 289 1144 me
313 1077 499 1164 zelotypum
524 1100 584 1144 nee
607 1077 727 1144 dixeris
752 1099 822 1146 essa
845 1075 1037 1164 malignum.

107 1238 109 1242 ,
186 1165 336 1253 Denique
357 1167 507 1252 paedioa,
530 1165 750 1253 Mamuriane,
773 1172 874 1234 satur.

478 1325 483 1338 ·
551 1298 669 1368 XCIII.

136 1397 294 1465 Fabricio
318 1397 447 1464 iunctus
470 1397 537 1463 fido
560 1393 736 1484 requiescit
759 1397 922 1482 Aquinus,

187 1486 251 1564 Qui
274 1487 366 1572 prior
389 1485 524 1571 Elysias
549 1487 672 1573 gaudet
695 1487 801 1552 adisse
824 1485 948 1551 domos.

125 1577 212 1650 ,Ara
237 1575 356 1660 duplex
378 1576 479 1664 primi
503 1579 646 1642 testatur
669 1597 804 1642 munera
826 1573 898 1658 pili:

186 1665 268 1730 Plus
291 1669 404 1730 tamen
426 1667 490 1748 est,
514 1664 613 1730 titulo
638 1663 723 1750 quod
747 1661 893 1728 breuiora
916 1661 1015 1750 logis:

45 1834 54 1862 x
109 1755 275 1822 strctus
297 1759 422 1836 uterum
443 1773 531 1820 sacro
555 1753 700 1818 laudatae
720 1751 955 1838 foederandos,

187 1843 351 1926 Famaque
372 1843 455 1928 quod
475 1861 550 1908 roro
572 1843 672 1926 acuit,
695 1841 815 1907 ariciens
837 1845 913 1906 erat.

553 1979 670 2049 XOIV.

141 2090 299 2178 Cantasti
322 2059 424 2176 male,
448 2091 523 2156 dum
547 2089 658 2156 fututa
681 2110 729 2174 es,
753 2077 864 2176 Aegle.

139 2181 215 2246 Iam
239 2182 352 2246 cantas
375 2181 471 2266 bene3
495 2177 654 2246 basianda
676 2200 742 2244 non
766 2199 810 2244 es.

561 2319 661 2387 XCV.

142 2429 242 2508 Quod
255 2429 378 2518 clamas
392 2449 535 2514 semper,
549 2427 636 2514 quod
651 2426 824 2512 agentibus
839 2423 1017 2512 obstrepis,
1032 2423 1120 2508 Aeli,

189 2517 268 2585 Non
288 2517 370 2622 iacis
393 2517 456 2584 hoo
479 2519 600 2604 gratis:
624 2515 757 2600 accipis,
780 2518 818 2580 ut
839 2517 960 2582 taceas.
993 2583 996 2586 ,

552 2656 669 2725 xuvl.

145 2767 273 2834 Sinon
296 2767 482 2834 molestum·
496 2769 548 2832 ast
570 2769 667 2850 teque
689 2785 757 2830 non
778 2763 883 2850 piget,
907 2783 1039 2848 scazon,

144 2856 271 2922 Nostro
294 2877 450 2944 rogamus
474 2877 579 2940 pauca
601 2854 703 2919 verba
726 2852 878 2918 Materno
944 2904 949 2917 .

7 2997 9 3002 .
145 2944 245 3012 Dicas
268 2945 304 3010 in
327 2967 440 3010 aurem
459 2943 506 3008 sio
529 2947 567 3009 ut
591 2941 703 3008 audiat
725 2941 824 3008 solus.

7 3085 8 3088 ,
144 3036 287 3102 Amator
310 3033 367 3100 ille
390 3033 538 3098 tristium
560 3032 765 3098 lacernarum

114 3123 190 3192 sue
213 3122 396 3189 baeticatus
413 3127 518 3209 ¹etque
540 3121 809 3205 leucophaeatus,

146 3211 212 3290 Qui
235 3211 418 3278 coccinatos
441 3233 507 3278 nou
531 3213 627 3298 putat
651 3210 739 3275 viros
763 3227 834 3274 esse

144 3300 458 3387 Amethystinasque
481 3301 656 3366 mulierum
679 3301 774 3365 vocat
797 3299 918 3380 vestes,

144 3389 270 3456 Nativa
293 3389 420 3476 laudet,
443 3390 565 3456 habeat
588 3393 622 3454 et
644 3389 723 3456 licat
747 3406 875 3472 semper

7 3541 9 3558 ,
143 3479 267 3549 Fuscos
291 3477 431 3564 colores,
455 3479 608 3566 galbinos
632 3477 734 3544 habet
757 3495 873 3541 mores.
907 3530 912 3540 .

7 3679 9 3716 l

7 3721 9 3752 t

7 3865 33 3990 l.

96 3581 131 3637 1'0
144 3563 307 3656 Rogabit‚
329 3567 415 3634 unde
439 3567 718 3654 suspiosr··virum
739 3564 882 3632 mollem
1001 3631 1004 3638 Δ

150 3683 236 3726 nus.
475 3705 478 3712 .
942 3671 974 3719 a·
