2596 4034
186 161 253 228 224
517 163 555 220 u.
573 161 655 220 vro.
674 125 873 218 usarnms

232 326 409 414 Rumpitur
431 327 566 411 invidia,
590 327 677 412 quod
701 347 773 392 sum
796 325 954 392 iucundus
979 322 1127 406 amicis,

115 469 119 476 .
189 431 223 482 ιο
278 415 372 495 Quod
395 416 533 483 conviva
555 415 721 502 frequens,
745 415 909 500 rumpitur
932 411 1064 479 invidia.
1167 424 1170 428 ’

232 503 408 590 Rumpitur
425 503 561 588 invidia,
580 503 667 589 quod
685 525 834 568 amamur
847 501 998 588 quodque
1012 499 1209 588 probamur:

277 592 476 679 Rumpatur,
499 593 646 678 quisquis
669 591 831 676 rumpitur
853 590 984 658 invidia

622 749 771 818 xovnl.

233 853 479 922 Vindemiarum
502 875 568 921 non
591 857 710 942 ubique
732 859 909 941 proventus

235 943 396 1030 Oessavit,
419 942 528 1030 Ovidi3
551 945 662 1030 pluvia
685 944 808 1029 profuit
832 944 975 1030 grandis.

235 1030 373 1100 Deutum
397 1030 544 1100 Coranus
568 1033 742 1120 amphoras
767 1055 869 1119 aquae
891 1032 978 1101 fecit.

508 1183 511 1186 ¹
642 1189 756 1260 XCIX

234 1297 366 1365 Marcus
391 1303 480 1366 amat
502 1303 633 1366 nostras
657 1299 835 1384 Antonius,
858 1298 982 1384 Attice,
1004 1298 1130 1383 Musas,

281 1386 405 1454 Charta
427 1389 603 1454 salutatrix
626 1389 655 1454 si
677 1388 774 1454 modo
797 1409 875 1454 vera
897 1387 1012 1454 refert:

236 1475 366 1542 Marcus
388 1475 555 1542 Palladiae
578 1499 645 1542 non
668 1475 840 1542 infitianda
863 1476 1002 1544 Tolosae
1119 1526 1127 1546 .

282 1563 410 1650 Gloria,
434 1587 532 1650 quam
556 1566 668 1652 genuit
691 1567 779 1650 pacis
804 1565 936 1631 alumna
959 1566 1057 1652 quies.

166 1709 168 1715 ,
211 1653 287 1720 s'I'u
311 1653 367 1738 qui
389 1653 491 1740 longa
513 1659 607 1740 potes
631 1653 799 1739 dispendia
821 1653 906 1720 ferre
928 1655 1068 1740 viarum,

281 1740 310 1826 I,
334 1741 431 1828 liber,
454 1743 598 1808 absentis
621 1743 741 1830 pignus
765 1742 937 1810 amicitiae.

237 1829 322 1896 Vilis
346 1853 432 1916 eras,
454 1831 573 1915 fateor,
596 1832 624 1897 si
647 1836 680 1898 te
703 1853 789 1898 nunc
813 1832 957 1898 mitteret
980 1837 1121 1917 emptor,

283 1917 412 1985 Grande
436 1919 485 1985 tui
507 1919 649 2006 pretium
673 1920 815 1986 muneris
839 1925 952 1986 auctor
975 1921 1050 1985 erit:

162 2048 165 2056 ·
238 2007 394 2088 Multum,
417 2007 509 2074 crede
532 2007 627 2092 mihi,
650 2009 762 2094 refert,
786 2008 918 2074 alonte
941 2009 1075 2074 bibatur

198 2113 229 2165 ιο
283 2096 373 2173 Quae
395 2095 483 2182 fluit,
506 2118 548 2162 an
570 2099 665 2184 pigro
690 2118 773 2183 quae
795 2101 906 2184 stupet
927 2097 1014 2163 unda
1038 2099 1121 2164 lacu.
1251 2141 1253 2146 ι

682 2253 718 2323 0.

239 2362 378 2430 Denaris
402 2362 510 2428 tribus
528 2361 649 2428 invitas
673 2365 706 2428 et
729 2384 824 2427 mane
842 2366 994 2447 togatum
1045 2419 1047 2424 Α
1071 2419 1073 2423 ,

283 2450 465 2517 Observare
488 2450 580 2516 iubes
603 2451 702 2534 atria,
725 2449 839 2536 Basse,
862 2455 932 2535 tua,

238 2539 363 2606 Deinde
386 2541 518 2605 haerere
541 2543 598 2604 tuo
623 2538 732 2622 lateri,
755 2539 947 2625 praecedere
971 2541 1099 2626 sellam,

283 2628 337 2694 Ad
358 2629 487 2694 setulas
510 2633 616 2693 tecum
639 2628 713 2714 plus
738 2629 844 2694 minus
868 2629 914 2694 ire
938 2629 1056 2694 decem.

213 2716 334 2784 abrica
357 2717 487 2802 quidem
509 2717 605 2782 nobis
628 2716 742 2802 togula
766 2721 817 2782 est
839 2718 977 2802 vilisque
1001 2722 1174 2804 vetusque:

283 2805 422 2872 Denaris
445 2810 557 2870 tamen
579 2805 663 2870 hauc
685 2825 750 2870 non
774 2827 859 2890 emo,
882 2805 999 2892 Basse,
1021 2807 1137 2874 tribus.

672 2961 723 3030 DI.

238 3071 361 3158 Appia,
385 3092 483 3156 quam
507 3069 608 3136 simili
631 3069 834 3136 venerandus
857 3071 892 3138 in
912 3071 1052 3138 Hercule
1072 3070 1193 3139 Caesar

284 3159 475 3244 consecrat,
498 3159 663 3225 Ausoniae
687 3161 831 3225 maxima
852 3160 941 3226 fama
964 3163 1049 3242 viae,

240 3249 275 3317 Si
298 3250 389 3334 cupis
412 3247 546 3314 Alcidae
571 3270 766 3335 cognoscere
789 3249 879 3315 facta
902 3249 1036 3336 prioris,
1096 3316 1097 3319 ,

262 3335 392 3404 Disce:
417 3337 523 3423 Libyn
546 3337 685 3421 domuit,
709 3360 807 3403 aurea
830 3361 928 3424 poma
951 3339 1041 3422 tulit,

213 3426 408 3492 oPeltatam‘
428 3425 581 3512 Scythico
606 3427 759 3494 discinxit
782 3426 950 3494 Amazona
973 3427 1073 3512 nodo,

286 3514 420 3579 Addidit
443 3515 584 3582 Arcadio
607 3521 700 3602 terga
723 3515 827 3582 leonis
852 3539 946 3602 apro,
