2528 4038
342 199 641 258 EPIGRAMMATON
659 201 728 261 LIB.
748 201 795 260 VL
1017 209 1080 276 145

79 358 235 447 suspice,
258 385 359 450 quam
383 369 472 432 certo
496 364 608 432 videar
631 387 698 432 non
721 366 850 454 ligneus
874 389 931 434 ore

143 448 213 516 Nec
237 453 358 519 devota
380 452 462 520 focis
486 455 631 542 inguinis
656 477 748 522 arma
771 476 900 542 geram,

104 534 163 602 Sed
186 541 270 608 mihi
292 547 451 629 perpetua
475 565 643 630 nunquam
666 545 828 611 moritura
851 567 1005 631 cupresso

143 628 301 697 Phidiaca
324 632 430 718 rigeat
454 633 601 698 mentula
625 633 724 720 digna
747 656 858 703 manu.

104 712 224 802 Vicini,
246 741 379 806 moneo,
403 727 553 788 sanctum
576 722 738 789 celebrate
762 723 917 810 Priapum

44 841 47 846 ·
71 818 95 865 10
144 805 191 872 Et
215 808 265 874 bis
291 810 435 896 septenis
458 812 583 898 parcite
606 811 784 899 iugeribus.

490 951 641 1022 LXXIV.

105 1041 208 1113 Medio
231 1049 394 1115 recumbit
415 1050 501 1118 imus
525 1051 583 1116 ille
606 1050 662 1137 qui
684 1051 784 1130 lecto,

105 1129 237 1202 Calvam
261 1138 395 1204 trifilem
418 1140 592 1206 semitatus
615 1143 801 1224 unguente,

106 1219 261 1311 Foditque
285 1228 392 1293 tonsis
416 1250 474 1295 ora
496 1229 573 1295 laxa
595 1227 759 1312 lentiscis,

105 1308 271 1400 Mentitur,
294 1315 488 1383 Aesculane=
511 1339 578 1382 non
601 1317 702 1384 habet
725 1316 848 1385 dentes.

503 1456 633 1526 LXXV.

106 1555 184 1628 Cum
206 1563 311 1630 mittis
334 1566 507 1632 turdumve
531 1563 611 1630 mihi
634 1564 834 1652 quadramve
858 1565 1042 1650 placentae,

147 1649 220 1718 Sive
243 1653 349 1718 femur
371 1653 507 1740 leporis,
531 1653 599 1719 sive
623 1653 700 1739 quid
723 1654 775 1719 his
800 1654 906 1720 simile
929 1659 994 1741 est,

107 1736 253 1806 Bucellas
275 1742 405 1808 misisse
428 1746 502 1807 tuas
525 1746 572 1827 10,
594 1741 727 1828 Pontia,
751 1741 842 1810 diois.

146 1828 214 1894 Has
238 1849 299 1915 ego
322 1852 388 1896 non
411 1830 555 1916 mittam,
577 1829 710 1915 Pontia,
733 1829 789 1897 sed
811 1851 873 1898 neo
894 1829 998 1899 edam.
1113 1863 1115 1866 ·

495 1962 643 2039 LXXVI
777 1971 779 1974 ’

18 2137 19 2142 ,
102 2073 163 2141 Ille
185 2077 270 2142 sacri
292 2077 407 2144 lateris
431 2081 541 2144 custos
564 2075 744 2163 Martisque
767 2076 890 2165 togati,

147 2163 278 2232 Credita
301 2167 353 2232 cui
377 2167 496 2232 summi
519 2169 629 2233 castra
652 2167 742 2231 fuere
765 2166 869 2251 ducis,

102 2253 164 2320 Hic
186 2255 269 2321 situs
293 2260 345 2320 est
366 2253 498 2321 Fuscus.
543 2253 635 2320 Licet
657 2255 731 2336 hoc,
755 2254 916 2340 Fortuna,
937 2255 1048 2322 fateri:

145 2341 220 2410 Non
243 2345 341 2409 timet
362 2343 501 2410 hostiles
524 2343 589 2408 iam
613 2343 697 2428 lapis
721 2343 784 2409 iste
807 2343 928 2428 minas3

79 2431 231 2498 oGrande
253 2433 369 2520 iugum
393 2433 518 2499 domita
539 2431 649 2498 Dacus
673 2431 796 2499 cervice
818 2433 955 2519 recepit,

144 2521 189 2588 111
211 2519 373 2588 famulum
396 2522 513 2588 victrix
535 2521 683 2606 possidet
705 2521 822 2588 umbra
844 2544 970 2590 nemus.
1032 2585 1034 2588 .

484 2661 649 2730 LXXVII.

104 2760 185 2834 Cum
208 2763 255 2829 sis
278 2766 349 2828 tam
372 2783 509 2847 pauper,
533 2783 630 2848 quam
653 2781 714 2826 neo
735 2759 932 2828 miserabilis
954 2760 1042 2846 Iros,

142 2853 227 2922 'Fam
251 2851 391 2936 iuvenis,
414 2872 512 2938 quam
535 2871 594 2916 nec
617 2849 884 2936 Parthenopaeus
909 2853 994 2930 erat,

99 2940 179 3009 Fam
203 2939 316 3024 fortis,
339 2961 437 3025 quam
460 2959 534 3024 neo,
557 2961 631 3004 cum
653 2937 810 3021 vinceret,
835 2939 1073 3025 Artemidorus,

142 3029 229 3108 Quid
252 3031 285 3094 te
309 3026 541 3114 Cappadocum
564 3049 620 3093 sex
644 3049 725 3094 onus
749 3048 820 3092 esse
842 3027 956 3094 iuvat?

77 3117 230 3186 allideris
254 3117 424 3203 multoque
448 3117 554 3205 magis
578 3115 772 3199 traducaris,
796 3115 890 3202 Afer,

141 3207 249 3286 Quam
271 3207 378 3272 nudus
402 3206 510 3272 medio
534 3207 563 3272 si
585 3205 726 3292 spatiere
748 3205 831 3270 foro.
881 3265 883 3268 .

98 3297 174 3364 Non
198 3295 294 3362 aliter
317 3299 520 3362 monstratur
538 3295 660 3361 Atlans
683 3316 756 3359 cnm
779 3315 931 3379 compare
950 3295 1049 3382 ginno

141 3387 298 3471 Quaeque
321 3385 413 3452 vehit
435 3385 576 3452 similem
599 3385 696 3451 belua
718 3381 814 3468 nigra
836 3381 954 3468 Libyn.

99 3474 263 3544 Invidiosa
286 3473 349 3539 tibi
372 3495 470 3560 quam
494 3475 539 3540 sit
560 3474 688 3558 lectica,
712 3471 871 3558 requiris?

67 3582 92 3632 10
140 3563 219 3633 Non
243 3562 341 3631 debes
357 3563 444 3632 ¹ferri
467 3568 617 3632 mortuus
640 3561 839 3646 hexaphoro.
976 3639 979 3644 ¹

105 3683 186 3726 11111.
879 3671 912 3723 10
