2528 4038
330 237 630 348 EPIGRAMMATOM
648 241 717 298 LIB.
738 241 797 300 Vll.
900 309 903 316 ,
1011 211 1076 313 157Ι

96 505 263 592 Thestyle,
285 505 432 574 Victoris
457 499 657 575 tormentum
682 509 775 576 dulce
798 508 940 592 Voconi,

138 594 211 672 Quo
234 617 329 662 nemo
354 603 405 662 est
427 603 500 664 toto
523 599 634 666 notior
658 599 738 664 orbe
761 621 858 686 puer,

96 680 146 749 Sic
170 684 270 750 etiarn
294 687 413 773 positis
437 687 602 753 formosus
627 708 735 754 amere
759 687 888 776 capillis

135 771 183 838 Et
205 774 337 859 placeat
360 776 430 841 vati
453 777 545 842 nulla
567 777 678 863 puella
701 781 772 843 tuo:

72 860 264 947 cPaulisper
287 864 410 930 domini
434 863 546 932 doctos
571 888 692 952 sepone
716 865 861 952 libellos,

136 949 294 1018 Carmina
316 952 445 1020 Victori
469 955 546 1020 dum
569 955 643 1039 lego
668 977 770 1040 parva
793 959 860 1021 tuo.

94 1039 138 1105 Et
160 1040 344 1126 Maecenati
381 1041 474 1108 Maro
499 1065 573 1109 cum
597 1047 745 1108 cantaret
768 1042 902 1127 Alexin,
977 1079 980 1086 ·

135 1127 228 1196 Nota
249 1134 360 1197 tamen
383 1131 486 1197 Marsi
509 1132 603 1198 fusca
625 1131 782 1198 Melaenis
807 1135 886 1199 erat.

506 1272 609 1340 XXX.

94 1377 161 1444 Das
183 1375 330 1466 Parthis,
354 1380 412 1446 das
435 1379 623 1465 Germanis,
647 1379 720 1464 das,
744 1379 870 1466 Caelia,
893 1379 1006 1468 Dacis,

136 1467 207 1536 Neo
231 1467 371 1535 Cilicum
395 1472 522 1554 spernis
546 1468 842 1555 Cappadocumque
866 1475 969 1556 toros3

94 1556 137 1622 Et
160 1557 223 1623 tibi
247 1559 286 1623 de
308 1557 431 1623 Pharia
453 1557 685 1643 Memphiticus
709 1559 789 1624 urbe
811 1557 939 1626 fututor

135 1645 294 1733 Navigat,
319 1669 338 1712 a
361 1647 469 1712 rubris
493 1651 526 1712 et
547 1648 642 1734 niger
664 1645 765 1712 Indus
789 1648 896 1734 aquis3

71 1733 163 1802 5Neo
184 1736 399 1802 recutitorum
423 1735 510 1820 fugis
533 1735 671 1822 inguina
692 1733 900 1822 Iudaeorum,

137 1823 208 1890 Nec
230 1829 264 1890 te
289 1822 472 1890 Sarmatico
496 1823 618 1890 transit
641 1822 769 1890 Alanus
792 1846 884 1910 equo.

95 1912 166 1989 Qua
187 1913 315 1978 ratione
339 1911 434 1994 facia,
457 1935 530 1978 cnm
554 1913 600 1978 sis
623 1911 772 1978 Romana
795 1913 917 2000 puella,

128 2000 228 2078 -Quod
251 2001 402 2068 Romana
423 2002 485 2066 tibi
508 2002 654 2067 mentula
675 2002 768 2066 nulla
790 2001 919 2088 placet?

498 2159 617 2226 XXXI.

94 2266 369 2334 Raucaechortis
392 2288 468 2332 aves
492 2270 525 2332 et
548 2288 610 2332 ova
634 2269 775 2333 matrum

93 2356 262 2422 Et'flavas
286 2355 394 2421 medio
416 2377 538 2440 vapore
562 2353 662 2422 Chias

92 2445 138 2510 Et
153 2445 263 2511 tetum
287 2445 440 2530 querulae
462 2443 576 2510 rudem
600 2445 744 2529 capellae

21 2589 22 2593 ,
93 2533 161 2600 Nec
183 2535 250 2600 iam
273 2533 453 2621 frigoribus
475 2553 571 2618 pares
595 2532 698 2600 olivas

70 2623 279 2690 antennam
303 2622 421 2709 gelidis
443 2622 541 2688 holus
563 2621 690 2708 pruinis
747 2679 749 2685 .
835 2643 838 2648 ¹

92 2711 142 2778 De
162 2716 278 2778 nostro
302 2711 365 2776 tibi
387 2711 489 2776 missa
511 2732 587 2776 rura
609 2711 737 2778 credis?

94 2799 120 2866 0
145 2822 256 2887 quam,
279 2799 420 2888 Regale,
443 2800 619 2886 diligenter
641 2801 747 2866 erras!

92 2889 149 2956 Nil
171 2890 292 2973 nostri,
315 2889 380 2954 nisi
403 2911 469 2973 me,
491 2888 602 2954 ferunt
625 2888 734 2976 agelli.
889 2943 891 2948 .

96 2978 257 3066 Quidquid
280 2975 396 3044 vilicus
420 2977 545 3044 Umber
568 2980 625 3042 aut
648 2977 783 3044 colonus
888 3055 891 3061 ¹

56 3082 84 3132 10
93 3069 161 3135 Aut
181 3089 239 3134 rus
261 3087 426 3132 marmore
449 3067 548 3132 tertio
572 3069 723 3132 notatum

94 3157 160 3224 Ant
182 3156 282 3223 Tusci
303 3156 366 3222 tibi
386 3155 564 3222 'Tusculive
587 3155 737 3239 mittunt,

92 3244 129 3311 Id
151 3251 224 3312 tota
246 3245 329 3312 milri
352 3245 500 3312 nascitur
523 3243 660 3311 Subura.

488 3403 622 3472 XXXII.

93 3511 213 3598 Attice,
235 3511 557 3580 facundae·ren0vas
582 3511 638 3598 qui
661 3509 795 3577 nomina
818 3509 928 3596 gentis

133 3600 205 3668 Nec
227 3602 308 3667 sinis
330 3601 497 3688 ingentem
521 3601 716 3679 conticuisse
740 3598 885 3684 domum,
