2596 4032
364 225 662 286 EPIGRAMMATON
680 227 748 287 LIB.
768 229 829 287 XII.
1040 233 1104 300 297

546 391 649 460 LVII

130 491 196 560 Cur
220 516 317 582 saepe
341 495 419 563 sicci
441 520 544 584 parva
566 522 643 566 rura
665 499 822 567 Nomenti

129 581 312 670 Laremque
335 586 435 652 villae
459 587 626 654 sordidum
650 594 774 676 petam,
797 589 950 676 quaeris?

129 670 198 739 Nec
221 675 403 762 cogitandi,
427 673 559 762 Sparsa,
582 701 642 746 nec
666 677 851 764 quiescendi

129 760 168 826 In
192 764 272 829 urbe
295 765 386 830 locus
410 769 462 830 est
483 767 630 852 pauperi.
667 767 802 854 Negant
824 768 925 834 vit-am

62 897 64 900 .
102 850 213 916 5Ludi
237 853 389 938 magistri
412 876 522 941 mane,
543 861 639 922 nocte
663 857 817 944 pistores,

129 940 340 1008 Aerariorum
364 944 502 1009 marculi
525 945 576 1010 die
599 948 686 1031 tot03

130 1027 217 1095 Hinc
240 1031 366 1097 otiosus
390 1033 556 1099 sordidam
580 1035 689 1120 quatit
711 1055 858 1100 mensam

128 1116 318 1184 Neroniana
339 1122 579 1188 nummularius
602 1145 725 1208 massa,

128 1207 226 1272 lllinc
249 1209 375 1276 balucis
398 1212 573 1278 malleator
594 1211 762 1297 Hispanae

83 1294 259 1362 tolbitum
282 1299 401 1364 nitenti
422 1299 510 1366 fuste
533 1301 685 1367 verberat
708 1323 837 1386 saxum3

127 1383 199 1452 Nec
221 1386 320 1452 turba
343 1393 451 1454 cessat
473 1390 628 1456 entheata
651 1389 822 1476 Bellonae,
859 1451 860 1456 ,

127 1473 199 1540 Nec
222 1475 360 1542 fasciato
382 1477 563 1565 naufragus
587 1480 709 1566 loquax
732 1483 861 1564 trunco,

127 1563 160 1627 A
183 1565 428 1632 matre'doetus
450 1589 511 1633 nec
533 1589 650 1654 rogare
673 1566 824 1652 Iudaeae,

126 1650 200 1717 Nec
223 1651 434 1740 sulphuratae
457 1655 566 1741 lippus
589 1655 723 1722 institor
745 1656 870 1722 mercis.

81 1757 114 1804 15
128 1739 311 1808 Numerare
333 1744 421 1829 pigri
445 1743 563 1812 damna
586 1745 642 1830 qui
665 1749 775 1830 potest
797 1744 917 1830 somni,

126 1829 225 1896 Dicet
248 1834 329 1916 quot
351 1854 428 1898 aera
451 1834 623 1899 verberent
645 1856 761 1899 manua
784 1834 889 1918 urbis,

82 1968 84 1972 -
126 1916 326 1985 Cum-secta
349 1919 473 1988 Colcho
497 1921 591 1988 Luna
607 1923 750 2008 vapulat
772 1923 921 1990 rhombo.
1044 1969 1047 1974 ι
1074 1969 1077 1974 -

127 2006 193 2091 Tu,
216 2005 349 2094 Sparso,
371 2011 477 2077 nescis
500 2011 579 2096 ista,
600 2033 661 2077 nec
683 2015 778 2097 potes
801 2013 897 2097 scire,

124 2095 300 2164 Petilianis
324 2098 482 2164 delicatus
506 2099 541 2164 in
563 2100 688 2186 regnis,

77 2183 190 2252 eoCui
211 2186 311 2272 plana
334 2209 479 2254 summos
502 2188 640 2272 despicit
664 2188 777 2255 domus
800 2192 943 2275 montes,

125 2273 250 2340 Etrus
273 2277 309 2340 in
331 2276 412 2342 urbe
436 2281 486 2342 est
509 2277 694 2363 vinitorque
717 2277 885 2344 Romanus

126 2397 170 2435 -,-
189 2362 259 2430 Nec
281 2363 316 2430 in
338 2363 478 2432 Falerno
502 2367 585 2432 colle
608 2367 713 2432 maior
736 2371 911 2433 autumnus
929 2403 987 2454 -,
1050 2376 1052 2382 ’
1117 2387 1120 2392 ’

125 2450 283 2538 Intraque
306 2453 409 2520 limen
430 2455 538 2520 clusus
562 2456 675 2524 essedo
699 2477 825 2541 cursus,

125 2539 174 2606 Et
196 2541 232 2606 in
253 2542 416 2628 profundo
440 2566 588 2630 somnus,
611 2549 644 2611 et
668 2544 759 2629 quies
782 2545 880 2610 nullis
1008 2609 1011 2614 .

75 2646 113 2694 25
126 2627 260 2696 Offensa
281 2631 417 2719 linguis,
439 2655 500 2698 nec
523 2633 592 2699 dies
614 2633 680 2698 nisi
703 2633 873 2700 admissus.

124 2716 197 2783 Nos
220 2722 422 2787 transeuntis
446 2721 531 2786 risus
555 2721 675 2788 excitat
697 2723 826 2802 turbae,

124 2805 172 2874 Et
196 2808 237 2873 ad
261 2809 368 2875 cubile
392 2813 443 2875 est
465 2809 580 2876 Roma
616 2809 737 2877 Taedio
759 2810 854 2877 fessis

13 2921 16 2928 ’
124 2894 278 2964 Dormire
302 2899 453 2984 quotiens
476 2899 589 2984 libuit,
612 2899 698 2966 imus
722 2900 763 2965 ad
785 2899 909 2966 villam.

532 3056 651 3124 LVIII.
722 3095 727 3103 ·

125 3160 377 3231 Ancsslariolum
401 3168 515 3232 tuate
539 3169 635 3231 vocat
658 3187 752 3252 uxor,
776 3169 809 3232 et
831 3166 904 3252 ipsa

170 3251 389 3320 Lecticariola
412 3258 476 3321 est:
500 3254 594 3338 estis,
617 3254 759 3341 Alauda,
780 3277 885 3341 pares.

555 3395 641 3463 LIX.

124 3500 267 3568 Tantum
291 3501 349 3568 dat
372 3503 434 3570 tibi
457 3503 563 3570 Roma
585 3505 752 3571 basiorum

123 3587 207 3657 Post
230 3613 333 3658 annos
356 3593 454 3661 modo
478 3592 660 3678 quindecim
682 3614 826 3680 reverso,
