2596 4034
167 171 232 238 178
500 161 856 224 nummismata

646 325 703 394 IX.

213 429 344 498 Solvere
367 421 559 497 dodrantem
581 446 685 512 nuper
707 424 785 510 tibi,
809 411 943 504 Quinte,¹
963 412 1097 487 volebat
1165 500 1167 504 Ι

255 519 388 604 Lippus·
402 517 520 603 Hylas,
543 516 654 580 luscus
676 513 749 578 uult
772 511 849 578 dare
873 510 1051 576 dimidium.
1120 557 1122 561 -
1245 550 1248 554 -

211 608 332 694 Accipe
355 627 452 692 quam
474 605 630 693 primum
653 601 762 668 brevis
786 605 838 667 est
860 599 987 668 occasio
1010 598 1106 672 lucri:

256 695 292 763 Si
313 694 414 762 fuerit
436 715 563 778 caecus,
585 691 633 758 nil
657 690 720 756 tibi
744 689 849 756 solvet
871 689 986 774 Hylas.
1081 783 1083 788 ,

656 839 686 907 X

158 915 160 920 Ι
211 941 303 1009 Emit
325 941 471 1009 lacernas
495 939 628 1007 milibus
652 893 762 1004 decem
785 936 908 1004 Bassus

212 1029 329 1118 Tyrias
353 1031 470 1098 soloris
494 1029 620 1115 optimi.
656 1027 840 1094 Luerifecit.

158 1202 160 1206 ι
211 1119 322 1206 „Adeo
345 1119 428 1186 bene
451 1117 572 1184 emit?“
592 1117 711 1203 inquis.
746 1115 853 1213 Immo
875 1137 942 1188 nou
965 1113 1081 1182 solvet

647 1265 706 1334 XI.

211 1365 401 1432 Pervenisse
425 1369 517 1431 tuam
539 1365 605 1430 iam
629 1369 662 1430 te
686 1363 747 1430 scit
769 1363 902 1430 Rhenus
925 1363 960 1427 in
983 1363 1112 1448 urbem3

257 1453 345 1520 Nam
367 1454 481 1540 populi
503 1476 597 1520 voces
621 1451 713 1519 audit
736 1456 769 1518 et
791 1452 847 1518 ille
870 1452 934 1516 tui:
998 1492 1000 1494 -
1068 1493 1070 1498 ,
1162 1467 1163 1470 ’

213 1542 410 1609 Sarmaticas
434 1543 533 1608 etiam
557 1545 671 1630 gentes
694 1539 908 1626 Histrumque
932 1537 1095 1628 Getasque

257 1631 417 1697 Laetitiae
440 1631 564 1696 clamor
587 1629 704 1696 terruit
727 1629 797 1716 ipse
820 1651 933 1696 novae.

186 1719 301 1788 oDum
323 1725 356 1786 ta
379 1721 480 1806 longa
504 1741 596 1785 sacro
618 1722 816 1784 venerantur
838 1717 958 1804 gaudia
981 1716 1088 1801 Circo,

256 1806 363 1875 Nemo
388 1812 502 1894 quater
523 1809 642 1873 missos
665 1829 794 1872 currere
818 1808 921 1872 sensit
944 1829 1053 1892 equos.
1177 1805 1183 1842 ·'

78 1959 79 1962 ,
212 1895 351 1964 Nullum
372 1895 478 1962 Roma
501 1895 709 1982 ducemsneo
732 1901 765 1960 te
789 1895 848 1980 sic,
867 1893 1000 1980 Caesar,
1024 1895 1160 1961 amavit:

232 2047 236 2054 .
258 1985 304 2052 Te
327 2007 455 2072 quoque
478 1984 545 2050 iem
567 2006 634 2050 non
656 1985 745 2070 plus,
767 1983 906 2048 ut-velit
928 1985 1015 2070 ipsa,
1037 1987 1159 2074 potest.

638 2133 711 2200 XII.

185 2231 355 2300 «Uxorem
375 2254 474 2318 quare
497 2231 691 2316 locupletem
715 2230 830 2298 ducere
852 2231 953 2297 nolim
960 2285 969 2318 ‚

257 2319 444 2397 Quaeritis?
482 2319 583 2387 Uxori
605 2320 727 2384 nubere
749 2320 827 2385 nolo
851 2343 952 2386 meae.

212 2409 352 2476 Inferior
375 2413 525 2475 matrona
549 2430 608 2474 suo
631 2409 689 2493 sit,
712 2407 835 2494 Prisce,
857 2410 991 2475 marito:
1093 2429 1094 2432 ’

256 2497 334 2566 Non
357 2499 452 2582 aliter
474 2497 558 2563 fiunt
579 2495 702 2562 femina
724 2497 838 2584 virque
860 2517 965 2582 pares.

206 2746 318 2814 'Morio
337 2746 443 2812 dictus
467 2749 552 2811 erat:
575 2645 850 2831 rigiirltilniilibus
874 2725 947 2810 emi.

257 2835 369 2902 Redde
391 2833 474 2900 mihi
495 2855 661 2918 nummos,
685 2831 888 2921 Gargiliane:
913 2833 1009 2918 sapit.

635 2973 723 3041 XIV.
760 2978 762 2989 '

106 3147 107 3150 Ἴ
212 3073 342 3140 Pallida
363 3095 404 3140 ne
428 3071 567 3140 Cilicum
590 3073 731 3138 timeant
752 3073 903 3158 pomaria
925 3073 1077 3139 brumam

257 3162 407 3228 Mordeat
430 3166 634 3227 ettenorum
657 3161 775 3227 fortior
799 3184 878 3228 aura
900 3183 1030 3248 nemus,
1094 3173 1096 3177 ’

212 3250 377 3322 Hibernis,
391 3251 520 3317 obiecta
542 3251 630 3316 notis
654 3251 836 3336 specularia
859 3273 958 3336 puros

258 3339 447 3405 Admittunt
470 3341 556 3406 soles
580 3345 612 3406 et
636 3339 706 3404 sine
728 3337 818 3404 faece
842 3340 935 3406 diem.
1091 3408 1093 3410 ,

187 3425 469 3493 amminicula
493 3429 602 3512 datur,
625 3451 691 3494 non
714 3431 787 3493 tota
810 3429 900 3494 clusa
923 3429 1080 3514 fenestra,

256 3515 296 3580 In
320 3537 384 3599 qua
405 3537 465 3582 neo
488 3515 609 3582 Boreas
632 3517 702 3602 ipse
726 3539 857 3584 manere
880 3519 971 3584 velit.
