2528 4038
96 162 162 230 136
426 160 464 218 ιι
483 157 563 230 ιιι
582 142 784 216 nuncians
907 176 911 188 ·

141 501 240 568 Pater
263 521 302 566 ex
324 497 479 578 Marulla,
502 495 620 584 Cinna,
641 496 749 564 factus
773 517 808 562 es
832 499 957 580 septem

139 587 218 656 Non
240 588 434 690 liberorum:
457 607 597 674 namque
620 607 679 653 nec
702 589 778 652 tuus
802 583 974 671 quisquam

140 677 211 746 Nec
233 679 286 744 est
308 675 404 742 amici
426 675 553 742 filiusve
576 674 687 760 vicini,

141 765 236 834 Sed
226 787 263 832 ιιι
285 761 432 852 grabatis
456 764 682 851 tegetibusque
707 762 855 848 concepti

115 855 212 924 ιΜιι
213 876 291 922 erna
313 852 457 940 produnt
480 854 640 956 capitibus
665 853 731 919 suis
755 853 853 918 furta.

141 945 218 1030 Hic,
241 942 298 1030 qui
319 945 444 1008 retorto
468 941 556 1008 crine
578 941 711 1008 Maurus
734 939 867 1026 incedit,

143 1032 298 1102 Subolem
320 1029 370 1096 fat
355 1033 444 1096 tetur
467 1051 538 1098 esse
562 1052 596 1096 se
619 1031 688 1099 coci
711 989 867 1098 Santrae

142 1123 190 1188 At
211 1119 318 1188 ille
292 1142 375 1186 sima
397 1141 489 1204 nare,
511 1119 652 1208 turgidis
675 1119 777 1186 labris

141 1209 219 1298 Ipsa
242 1209 325 1277 est
315 1229 425 1296 imago
448 1170 618 1293 Pdnnycbi
640 1207 861 1295 palaestritae.

100 1299 282 1368 roPistoris
306 1319 377 1364 esse
400 1297 534 1364 tertium
558 1299 630 1451 quis
653 1299 796 1385 ignorat,

143 1385 331 1475 Quicunque
354 1387 479 1473 lippum
502 1387 636 1452 novite
637 1386 764 1453 tuidet
787 1349 950 1452 bamam?

97 1474 285 1552 Quartus
309 1475 442 1542 cinaeda
464 1474 586 1559 fronte,
610 1389 745 1542 cdnclido
770 1473 863 1540 vultu

142 1564 194 1631 Ex
218 1564 395 1632 concubino
419 1567 515 1629 natus
539 1568 589 1630 est
611 1565 673 1630 tibi
695 1563 824 1650 Lygdo:

142 1652 338 1738 Percide,
312 1675 340 1718 ιι
363 1653 426 1736 uis,
449 1652 566 1717 filium.
587 1653 680 1718 nefas
703 1674 771 1718 non
794 1655 854 1717 est.

99 1758 133 1810 ιι
142 1741 240 1808 Hunc
262 1763 338 1808 uero
362 1747 456 1808 acuto
480 1739 585 1826 capite
608 1746 642 1807 et
665 1739 796 1807 auribus
820 1739 942 1826 longis,

143 1829 233 1907 Quae
257 1829 304 1896 sic
326 1833 509 1913 mouentur,
532 1834 570 1896 ut
592 1831 698 1896 solent
721 1829 912 1911 asellorum,

143 1918 223 1996 Quis
247 1919 403 1984 morionis
426 1918 531 1984 filium
553 1923 653 2004 negat
677 1915 818 2003 Cyrtae?

142 2007 236 2075 Duae
260 2028 401 2091 sorores,
423 2006 482 2072 illa
504 2008 601 2094 nigra
624 2011 656 2072 et
678 2007 758 2073 baec
780 2007 868 2092 rufa,

133 2095 236 2164 Croti
259 2095 430 2162 choraulae
453 2095 605 2182 vilicique
629 2102 706 2162 sunt
729 2094 837 2180 Carpi.

98 2185 278 2272 solamque
301 2184 515 2270 hybridarum
539 2189 655 2272 grext
640 2184 703 2250 tibi
726 2184 812 2250 foret
833 2183 962 2270 plenus,

144 2273 180 2342 Si
203 2273 304 2361 spado
327 2271 466 2340 Coresus
489 2271 734 2360 Dindymusque
756 2295 824 2340 non
847 2276 942 2340 esset.

1072 1991 1088 2042 t

576 2431 643 2498 XL.

142 2540 278 2608 Femina
300 2537 456 2625 praeferri
478 2560 520 2625 po
522 2540 587 2604 tuit
609 2537 671 2604 tibi
693 2539 798 2624 nulla,
821 2537 952 2624 Lycori:
1072 2603 1079 2614 ,

188 2629 350 2695 Praeferri
373 2627 531 2711 Glycerae
553 2628 676 2692 femina
698 2628 789 2694 nulla
812 2632 931 2714 potest.

132 2718 234 2784 §Haec
248 2718 311 2782 erit
297 2717 387 2782 hoc
398 2716 548 2800 quod
513 2721 673 2783 unon
683 2722 742 2804 po
743 2739 776 2782 es
787 2739 858 2784 esse
870 2717 955 2802 quod
965 2716 1047 2784 haec
1058 2727 1130 2788 est.

79 2883 82 2890 Δ
189 2805 351 2892 Tempora
375 2804 452 2939 quid
474 2805 611 2872 faciunt!
634 2806 717 2872 banc
741 2805 831 2892 volo,
853 2811 886 2872 te
910 2805 1023 2872 volui

564 2963 649 3031 XLl.
695 2951 697 2964 '

144 3069 207 3150 Qui
229 3071 344 3138 recitat
366 3070 442 3135 lana
465 3067 575 3137 fauces
599 3067 740 3138 ct‘colla
763 3071 941 3158 revinctus,

187 3159 252 3226 Hic
274 3181 309 3284 sp
331 3179 434 3246 posse
451 3159 555 3247 loqui,
578 3181 674 3245 posse
698 3165 807 3228 tacere
832 3167 938 3247 negat.

559 3319 660 3386 XLII.

144 3425 276 3492 Etrusci
298 3424 362 3490 nisi
376 3424 557 3491 *thermulis
581 3427 717 3512 lavaris,

80 3527 93 3535 ·
142 3512 263 3578 Illotus
287 3513 449 3599 morieris,
473 3512 629 3600 Oppiaue.
