2596 4034
386 175 688 234 urluaffluarou
706 176 773 236 LIB.
790 177 865 236 VIII.
1072 183 1138 252 183

554 339 710 409 XXXIII.

160 449 212 516 De
235 449 432 536 praetoricia
455 449 573 517 folium
597 449 692 535 mihi,
715 447 831 534 Paule,
855 471 976 516 corona

208 537 314 604 Mittis
339 543 372 605 et
394 538 457 606 hoc
479 539 610 626 phialae
633 559 754 606 nomen
776 537 896 606 habere
920 540 1021 606 iubes.

161 625 235 694 Hac
257 629 366 694 fuerat
388 651 493 716 nuper
506 629 636 694 cabula
657 627 720 694 tibi
742 648 861 714 pegma
884 632 1092 716 perunctum,

209 717 338 782 Pallida
361 739 458 804 quam
481 718 573 784 rubri
596 717 692 782 diluit
715 716 801 782 unda
824 719 920 784 croci.

130 807 216 873 5An
241 807 347 894 magis
372 808 474 873 astuti
497 807 613 873 derasa
636 809 686 872 est
711 827 817 893 ungue
840 808 984 874 ministri

209 895 358 980 Brattea,
381 895 421 962 de
443 896 546 963 fulcro
570 918 668 982 quam
692 917 766 962 reor
790 917 861 962 esse
883 897 964 962 tuo?

160 983 226 1050 Illa
249 989 360 1071 potest
383 985 519 1052 culicem
542 985 640 1073 longe
664 985 785 1050 sentire
808 985 975 1050 volantem

207 1073 253 1139 Et
275 1075 401 1140 minimi
425 1075 527 1161 pinna
549 1073 725 1160 papilionis
750 1073 819 1160 agi3

160 1163 311 1248 Exiguae
334 1163 453 1229 uolitat
476 1185 634 1250 suspensa
656 1183 777 1247 vapore
799 1163 950 1228 lucernae

110 1270 150 1318 10
204 1252 253 1317 Bt
276 1253 392 1318 leviter
416 1253 488 1318 fuso
512 1253 675 1338 rumpitur
698 1253 764 1317 icta
787 1273 886 1318 mero.

161 1339 236 1406 Hoc
258 1341 374 1407 linitur
398 1345 494 1428 sputo
518 1341 590 1407 Iani
614 1345 749 1426 caryota
771 1341 928 1406 Kalendis

207 1428 311 1506 Quam
334 1431 401 1496 fert
424 1451 497 1497 cum
520 1450 618 1515 parco
642 1429 793 1496 sordidus
817 1451 889 1498 asse
913 1392 1023 1496 cliens.

159 1517 265 1584 Lenta
288 1519 395 1586 minus
419 1519 536 1606 gracili
560 1522 710 1586 crescunt
732 1519 893 1586 colocasia
916 1520 986 1604 filo,

207 1607 311 1674 Plena
334 1609 440 1694 magis
463 1608 565 1676 nimio
590 1609 661 1674 lilia
685 1609 753 1675 sole
777 1608 911 1693 cadunt3

111 1695 231 1765 15Nec
253 1719 340 1784 vaga
362 1701 432 1763 tam
455 1697 546 1762 tenui
570 1697 722 1764 discurrit
745 1719 865 1764 aranea
888 1696 970 1783 tela,
996 1705 998 1709 ’

207 1785 289 1852 Tam
312 1787 383 1851 leve
406 1807 467 1852 nec
489 1785 634 1870 bombyx
656 1786 815 1871 pendulus
838 1790 935 1872 urget
959 1808 1050 1872 opus.

160 1874 312 1942 Crassior
335 1875 370 1940 in
392 1873 476 1940 facie
500 1876 627 1942 rotulae
651 1879 718 1940 slat
742 1879 831 1940 creta
854 1875 1023 1954 Fabullae,

18 2015 19 2026 ,
145 1956 149 1962 ’
204 1962 357 2030 Crassior
381 1963 523 2030 offensae
547 1959 646 2028 bulla'
661 1965 814 2030 tumescit
837 1986 954 2050 aquae3

159 2051 293 2118 Fortior
316 2057 350 2118 at
372 2055 478 2118 tortos
504 2056 613 2118 servat
635 2053 743 2118 vesica
767 2053 904 2138 capillos

18 2173 19 2216 l
111 2159 149 2210 20
206 2141 252 2208 Et
275 2144 384 2206 mutat
406 2140 518 2206 Latias
543 2155 657 2226 spuma
680 2140 806 2207 Batava
829 2163 949 2209 comas.

18 2253 19 2268 ¹
160 2229 233 2298 Hac
255 2235 329 2296 cute
351 2229 479 2295 Ledaeo
503 2229 641 2295 vestitur
663 2230 772 2316 pullus
796 2231 831 2296 in
854 2253 929 2316 ovo,

205 2317 302 2385 Talia
324 2319 440 2385 lunata
464 2318 591 2404 splenia
613 2318 722 2385 fronte
745 2319 868 2386 sedent.

161 2407 244 2486 Quid
268 2409 330 2474 tibi
354 2429 428 2474 cum
450 2407 576 2492 phiala,
603 2407 739 2492 ligulam
763 2431 836 2474 cum
860 2409 990 2476 mittere
1013 2409 1140 2496 possis,
1258 2421 1265 2468 .’

205 2497 339 2563 Mittere
363 2519 436 2562 oum
459 2496 566 2582 possis
590 2497 642 2562 vel
665 2497 809 2563 cocleare
833 2497 928 2583 mihi,
951 2535 996 2546 -

112 2603 149 2654 25
162 2585 282 2674 Magna
291 2586 389 2652 nimis
400 2585 565 2672 loquimur
575 2621 618 2632 -
629 2585 772 2652 cocleam
787 2609 861 2654 cum
874 2587 1005 2658 mittere
1015 2585 1135 2672 poesis,

204 2675 354 2762 Denique
376 2696 452 2741 cum
475 2673 583 2760 possis
606 2674 751 2762 mittere,
773 2675 888 2762 Paule,
911 2675 1017 2742 nihil?

540 2867 704 2936 XXXIV.
777 2890 779 2894 ’

158 2977 386 3064 Archetypum
409 2975 503 3062 Myos
527 2979 701 3062 argentum
723 2979 756 3042 te
780 2979 858 3044 dicis
882 2977 1011 3044 habere.

205 3065 298 3144 Quod
312 3068 382 3135 sine
396 3067 563 3134 tefactum
574 3068 634 3150 est,
643 3065 705 3131 hoc
715 3068 821 3154 magis
837 3069 1053 3154 archetypum
1063 3063 1136 3132 est?

159 3365 243 3433 Cum
266 3367 339 3433 sitis
364 3365 488 3433 similes
511 3389 672 3456 paresque
695 3365 777 3451 vita,

158 3455 251 3522 Uxor
273 3457 433 3543 pessima,
455 3456 617 3541 pessimus
642 3455 795 3540 maritus,
818 3511 822 3515 .
892 3507 894 3510 .

157 3545 275 3632 Miror,
297 3567 366 3612 non
388 3546 470 3611 bene
495 3545 666 3612 convenire
690 3543 795 3612 vobis.
