2528 4038
169 237 235 308 102
267 277 270 284 .
496 237 536 296 n
554 236 636 296 vsu.
655 209 856 294 usermms

600 401 749 469 Lxxm.

213 507 295 578 Cum
318 509 428 598 gravis
452 511 614 576 extremas
637 506 794 576 Vestinus
818 509 949 576 duceret
972 508 1074 574 horas

255 598 302 665 lut
325 599 471 683 iamper
494 596 629 685 Stygias
653 601 738 664 esset
760 598 866 664 iturus
889 618 1005 686 aquas,

211 685 338 754 Ultima
360 687 528 754 volventes
552 685 660 754 oravit
682 707 785 772 pensa
808 708 952 773 sorores,

256 773 304 842 Ut
326 775 496 842 traherent
517 796 620 861 parva
642 775 785 842 stemina
807 775 899 861 pulla
922 796 1028 858 mora,

186 863 284 930 elam
307 863 370 930 sibi
392 863 565 930 defunctus
588 863 672 932 caris
696 862 773 929 dum
795 863 877 930 vivit
901 863 1023 931 amicis.

255 951 428 1019 Moverunt
450 951 584 1018 tetricas
607 957 675 1018 tam
698 952 754 1038 piu
777 955 855 1018 vota
878 951 963 1018 deas.

211 1039 301 1108 'lunc
323 1040 433 1129 largas
456 1041 598 1126 partitus
622 1061 700 1127 opes
724 1061 743 1106 a
766 1040 838 1108 luce
860 1041 996 1108 recessit

245 1125 359 1216 'Seque
382 1127 466 1196 mori
487 1133 564 1216 post
587 1129 650 1196 hoc
671 1128 808 1196 credidit
830 1129 887 1196 ille
910 1150 1029 1196 senem.

603 1305 749 1373 LXXIV.

211 1408 356 1564 AsBicis,
378 1411 516 1478 inbelles
539 1415 702 1498 temptent
725 1433 824 1497 quam
846 1411 948 1477 fortia
971 1412 1119 1478 dammae

229 1531 231 1535 ·
283 1499 407 1566 roelia?
429 1505 500 1568 tam
523 1501 646 1567 timidis
671 1505 794 1586 quauta
818 1501 862 1568 sit
886 1501 937 1566 ira
959 1499 1059 1567 ieris?

211 1585 251 1652 In
273 1591 412 1654 mortem
435 1591 546 1675 parvis
571 1611 762 1656 concurrere
784 1588 948 1656 frontibus
972 1588 1095 1656 ardent

255 1673 330 1763 Vis,
352 1675 483 1764 Caesar,
506 1677 644 1744 dammis
666 1677 822 1766 parcere?
845 1678 940 1744 mitte
963 1699 1070 1744 canes.

607 1853 737 1920 cxxv.
1176 1833 1181 1870 ⁴

213 1958 240 2026 Ο
264 1957 343 2025 felix
366 1957 499 2044 animo„
511 1959 603 2045 felix,
625 1961 779 2048 Nigrina,
803 1961 923 2028 marito

256 2048 366 2134 Atque
388 2047 475 2114 inter
497 2047 608 2114 Latias
632 2049 737 2136 gloria
759 2051 866 2135 prima
888 2072 1004 2116 nurus:
1144 2055 1155 2105 t

176 2171 181 2179 ·
211 2135 258 2202 'l'e
280 2136 406 2221 patrios
429 2137 563 2203 miscere
586 2139 679 2204 iuvat
701 2160 774 2205 cum
798 2137 934 2225 coniuge
957 2160 1087 2222 census,

257 2224 459 2290 Gaudentem
482 2225 570 2292 socio
593 2225 790 2312 participare
812 2227 893 2293 viro.

185 2311 341 2382 oArserit
363 2312 521 2380 Euhadne
544 2313 685 2382 flammis
708 2315 829 2382 iniecta
852 2315 976 2396 mariti,
1063 2377 1064 2380 ,

255 2401 326 2469 Nec
348 2401 455 2468 minor
478 2401 626 2469 Alcestin
649 2401 737 2468 fama
761 2405 821 2470 sub
845 2409 934 2470 astra
957 2403 1052 2472 forat:

212 2491 261 2556 Tu
284 2491 413 2556 melius:
436 2495 525 2557 certo
548 2491 697 2557 meruisti
719 2491 856 2577 pignore
879 2492 980 2577 vitae,

256 2577 303 2646 Ut
325 2579 388 2646 tibi
409 2601 477 2646 non
500 2585 586 2647 esset
609 2584 715 2647 morte
738 2581 926 2666 probandus
950 2603 1052 2648 umor.

599 2755 744 2822 LXXVI.
964 2849 966 2852 Ι

210 2861 302 2928 Milia
325 2861 442 2928 misisti
465 2862 547 2928 mihi
570 2885 626 2928 sex
649 2863 699 2929 bis
724 2885 801 2929 sena
823 2864 961 2949 petenti:

255 2949 302 3017 Ut
325 2951 375 3016 bis
399 2973 477 3016 sena
499 2951 616 3036 feram,
641 2952 691 3018 bis
715 2951 864 3020 duodeus
885 2957 1007 3039 petens

592 3125 757 3194 LXXVII.
770 3133 772 3137 '

166 3289 170 3297 .
210 3232 385 3328 Nunquam
409 3233 538 3299 divitias
562 3234 640 3300 deos
665 3233 780 3322 rogavi

212 3320 391 3388 Contentus
415 3323 549 3390 modicis
573 3345 709 3408 meoque
733 3324 852 3390 laetus:

210 3410 405 3495 Paupertate,
428 3411 557 3476 veniam
581 3411 687 3496 dabis,
710 3412 833 3480 recede.

212 3495 318 3564 Causa
341 3502 392 3563 est
414 3520 496 3583 quae
520 3499 622 3564 subiti
644 3501 784 3588 novique
807 3502 900 3570 voti?

92 3634 95 3640 .
185 3585 411 3652 oPendentem
434 3587 509 3653 uolo
533 3587 660 3654 Zoilum
682 3590 801 3656 videre.
