2610 4048
358 241 661 302 uffieuruurrou
678 241 745 300 LlB.
765 243 800 300 11.
1047 241 1092 308 43

565 397 630 474 ΧΥ

109 503 217 569 Basia
239 503 374 570 dimidio
398 504 485 592 quod
509 505 567 572 das
591 505 685 590 milri,
709 503 881 590 Postume,
904 504 1011 590 labro,

161 591 287 658 Laudo:
311 593 389 659 licet
412 593 523 660 demas
547 595 624 660 hinc
648 617 776 682 quoque
800 593 980 660 dimidium.

108 680 176 747 Vis
200 681 277 746 darc
301 681 407 748 maius
432 683 537 750 adhuc
562 687 595 749 et
618 683 837 750 inenarrabile
861 681 1002 748 munus?

162 769 233 836 Hoc
256 770 320 835 tibi
341 770 427 836 habe
449 775 571 854 toturn,
594 772 764 859 Postume,
787 771 965 839 dimidium.

555 913 612 980 XI.
636 935 643 972 r

111 1017 210 1096 Quod
232 1018 341 1086 fronte
365 1017 487 1086 Selium
510 1020 626 1088 nubila
647 1021 752 1104 vides,
775 1020 873 1107 Rufe,

111 1108 210 1185 Quod
233 1109 421 1174 ambulator
442 1110 606 1196 porticum
629 1111 708 1175 terit
730 1131 847 1190 soram,

6 1229 8 1284 p
110 1197 271 1284 Lugubre
295 1197 451 1282 quiddam
474 1197 560 1284 quod
584 1201 672 1265 tacet
695 1199 789 1286 piger
811 1199 937 1282 vultus,

111 1285 211 1362 Quod
233 1307 337 1370 paene
360 1291 484 1352 terrum
506 1309 606 1352 nasus
630 1288 782 1353 indecens
805 1288 932 1374 tangit,

81 1374 212 1451 5Quod
235 1374 350 1440 dextra
372 1379 486 1461 pectus
510 1377 620 1460 pulsat
643 1380 677 1440 et
700 1397 827 1442 comam
853 1375 956 1442 cellita

110 1461 194 1528 Non
214 1463 271 1528 ille
295 1462 394 1529 amici
416 1464 487 1529 fata
509 1464 603 1552 luget
625 1469 683 1530 aut
705 1464 832 1551 fratris,

110 1549 264 1637 Uterque
286 1556 386 1618 natus
409 1552 493 1618 vivit
516 1555 550 1617 et
572 1573 687 1638 precor
709 1551 815 1638 vivat,

111 1639 217 1706 Salva
241 1645 292 1705 est
314 1644 347 1706 et
369 1662 451 1706 uxor
474 1641 684 1727 sarcinaeque
707 1641 872 1727 servique,

110 1728 210 1794 Nihil
233 1728 368 1794 colonus
392 1729 572 1815 vilicusque
596 1729 732 1796 decoxit

63 1837 98 1885 ro
109 1817 274 1883 Maeroris
296 1817 400 1905 igitur
423 1839 522 1884 causa
544 1818 650 1904 quaa?
687 1816 787 1884 Domi
809 1822 912 1884 cenat

638 1941 676 1998 ts

109 2059 202 2124 Esse
221 2058 300 2142 quid
317 2058 380 2141 hoc
395 2057 513 2142 dicam,
528 1958 620 2142 qill
630 2057 720 2124 olent
738 2062 797 2124 tua
815 2057 910 2124 basia
924 2057 1092 2144 myrrham

161 2145 319 2232 Quodque
342 2147 404 2212 tibi
428 2150 479 2212 est
501 2168 668 2232 nunquam
691 2169 757 2212 non
781 2147 905 2212 alienus
929 2145 1033 2213 odor?

110 2235 190 2300 Hoc
213 2235 294 2300 mihi
312 2239 500 2321 suspectum
525 2239 587 2319 est,
611 2235 698 2319 quod
716 2236 785 2301 oles
804 2236 897 2319 hene,
919 2235 1092 2321 Postume,

5 2417 6 2420 ’
110 2413 286 2498 Postume,
308 2434 376 2479 uon
397 2345 651 2497 beqqqpeetr.qui
673 2411 755 2477 bene
779 2433 906 2498 semper
929 2413 1006 2480 olet.

537 2551 628 2618 Xffl·
654 2516 697 2583 il

112 2654 165 2720 Et
187 2651 281 2718 iudex
304 2651 390 2737 petit
413 2655 446 2716 ot
468 2651 553 2736 petit
575 2652 743 2736 patronus.

115 2741 235 2808 Solvas
259 2762 389 2826 censeo,
413 2737 523 2824 Sexto,
546 2737 709 2804 creditori.

542 2877 648 2946 XIV.ll

114 2981 175 3049 Nil
198 2971 434 3066 intemptatum
458 2975 579 3061 S'elius,
602 2977 649 3042 nil
673 2977 794 3066 linquit
815 2977 980 3061 inausum,

163 3068 353 3136 Cenandum
376 3068 527 3152 quotiens
550 3066 617 3132 iam
640 3065 730 3131 ridet
753 3087 824 3132 esse
847 3067 944 3134 domi.

115 3157 231 3225 Currit
254 3157 296 3223 ad
318 3153 473 3242 Europen
497 3159 529 3221 et
552 3159 599 3242 te,
621 3154 772 3238 Pauline,
793 3159 933 3242 tuosque

161 3245 291 3312 Laudat
313 3244 496 3330 Achilleos,
521 3243 577 3310 sed
600 3243 668 3310 sine
691 3243 770 3328 fine,
793 3244 901 3329 pedes

87 3335 152 3406 asi
176 3335 259 3400 nihil
281 3335 415 3419 Europe
438 3334 529 3418 fecit,
552 3339 623 3399 tum
647 3331 768 3418 Saepta
790 3335 959 3418 petuntur,

163 3423 199 3490 Si
222 3423 300 3508 quid
323 3423 520 3509 Phillyrides
543 3427 690 3508 praestet
713 3425 746 3486 et
768 3421 959 3486 Aesonides.

115 3513 205 3580 Hinc
220 3533 348 3597 quoque
363 3513 517 3597 deceptus
532 3511 746 3598 Memphitica
760 3509 885 3596 templa
899 3509 1093 3597 frequentat,
1121 3561 1124 3565 -

161 3599 302 3668 Adsidet
325 3605 359 3668 et
382 3601 561 3687 cathedris,
583 3604 708 3667 maesta
730 3601 878 3683 iuvenca,
900 3599 976 3665 tuis.
1046 3685 1051 3692 ,
