2596 4032
180 191 245 258 288
508 185 866 248 nurunmrrsms

199 351 325 420 eNulla
347 375 406 419 neo
429 353 465 418 in
488 352 595 419 media
618 351 757 418 certabit
778 353 857 416 nata
881 347 1009 416 Subura

269 440 339 508 Nec
363 440 543 526 Capitolini
566 441 658 506 collis
682 440 814 505 alumna
837 438 913 526 tibi,

224 529 294 598 Nec
317 531 382 596 cito
405 531 525 597 ridebit
546 529 711 616 peregrini
734 528 840 614 gloria
862 531 990 612 partus,

270 619 452 685 Romanam
475 620 587 686 deceat
610 639 707 702 quam
730 616 835 702 magis
859 637 930 682 esse
953 637 1079 680 nurum.

226 707 277 773 Tu
300 708 493 776 desiderium
519 706 668 773 dominae
692 705 773 772 mihi
796 705 908 770 mitius
931 705 1021 770 urbis

183 811 216 862 ιο
269 795 352 862 Esse
375 797 481 862 iubes:
504 795 645 862 Romam
667 797 704 858 tu
727 793 808 858 mihi
831 793 901 858 sola
923 792 1013 874 fucis.

226 1005 333 1085 Quam
357 1007 400 1073 sit
423 1008 514 1073 lusca
536 915 924 1089 Philaexnl'lsssindecenter,
1026 1086 1030 1092 1
1101 998 1114 1006 ”

227 1095 287 1160 Vis
311 1095 416 1162 dicam
439 1096 581 1162 breviter
604 1095 680 1179 tibi,
702 1092 863 1160 Fabulle?

226 1182 325 1250 Esset
348 1207 442 1251 caeca
466 1185 630 1251 decentior
652 1183 827 1248 Philaenis.

227 1395 388 1462 Dentibus
403 1400 501 1481 atque
515 1396 617 1460 comis
629 1306 782 1461 {lirlddte
795 1393 1055 1482 pudet—uteris
1068 1394 1204 1478 emptis.

273 1484 358 1562 Quid
380 1484 480 1550 facies
504 1484 613 1569 oculo,
636 1483 770 1550 Laelia?
792 1505 860 1550 non
882 1483 1009 1548 emitur.

628 1607 748 1673 XXIV.

229 1695 257 1762 Ο
280 1695 433 1780 iucunda,
456 1695 604 1780 covinno,
627 1696 784 1780 solitudo,

229 1784 371 1852 Carruca
394 1785 499 1870 magis
523 1784 699 1870 essedoque
723 1789 854 1871 gratum

228 1872 373 1940 Facundi
395 1874 477 1940 mihi
499 1895 615 1938 munus
638 1873 781 1938 Aeliani!
826 1945 828 1949 ,
876 1935 877 1938 ,

229 1961 294 2029 Hic
317 1984 442 2028 mecum
465 1962 555 2045 licet,
578 1961 646 2048 hic,
668 1961 797 2047 Iuvate,
820 1961 978 2047 quidquid

204 2049 268 2116 ⁶In
291 2051 426 2117 buccam
448 2050 510 2116 tibi
533 2051 671 2134 venerit,
693 2051 849 2136 loquaris:

229 2137 307 2204 Non
329 2144 435 2206 rector
457 2138 572 2224 Libyci
594 2138 686 2224 niger
710 2139 843 2221 caballi,

231 2225 419 2293 Succinctus
442 2248 547 2313 neque
570 2249 682 2292 cursor
705 2229 880 2314 antecedit,

230 2315 401 2401 Nusquam
424 2320 475 2381 est
497 2315 611 2382 mulio:
636 2317 782 2382 mannuli
805 2317 970 2382 tacebunt.

232 2403 259 2470 0
283 2405 312 2471 si
334 2405 482 2471 conscius
495 2408 592 2480 ‚esset
614 2405 667 2470 hio
689 2405 822 2490 Avitus,

189 2509 221 2558 10
231 2492 353 2559 Aurem
376 2515 443 2559 non
466 2514 526 2579 ego
550 2493 682 2558 tertiam
705 2493 864 2560 timerem.

232 2581 335 2648 Totus
359 2603 456 2670 quam
480 2581 569 2646 bene·
586 2581 633 2646 sic
655 2581 722 2650 dies
746 2583 865 2649 abiret!

230 2792 310 2860 Cum
322 2813 402 2880 rogo
412 2798 444 2859 te
454 2815 605 2860 nummos
616 2795 685 2860 sine
695 2797 841 2882 pignore,
850 2817 937 2882 „non
945 2793 1215 2886 habe0“inquis;

275 2883 380 2966 Idem,
405 2884 433 2947 si
456 2904 515 2967 pro
539 2905 590 2948 me
614 2885 752 2968 spondet
776 2885 915 2970 agellus,
939 2885 1053 2950 habes:

233 2971 326 3049 Quod
349 2971 430 3036 mihi
452 2993 518 3036 non
542 2973 646 3037 credis
669 2973 785 3057 veteri,
807 2973 967 3058 Telesino,
993 2973 1113 3062 sodali,

277 3059 389 3126 Credis
414 3059 558 3126 coliculis
583 3061 817 3147 arboribusque
840 3063 931 3127 meis.

206 3150 330 3233 chce,
352 3169 444 3214 reum
467 3146 569 3214 Carus
593 3153 626 3214 te
650 3149 780 3215 detulit:
804 3151 887 3215 assit
910 3151 1044 3236 agellus

276 3237 386 3304 Exilio
410 3237 561 3304 comitem
585 3239 728 3324 quaeris:
752 3240 879 3327 agellus
902 3245 964 3305 eat.

637 3363 756 3430 XXVI.

233 3449 401 3538 Sexagena
425 3455 512 3516 teras
536 3473 608 3518 oum
631 3454 745 3519 limina
769 3477 863 3520 mane
887 3457 1032 3537 senator,

276 3539 360 3604 Esse
383 3539 445 3605 tibi
467 3539 579 3606 videor
602 3543 782 3608 desidiosus
806 3549 918 3630 eques,
