2610 4048
406 233 707 294 EPIGRAMMATON
725 235 792 293 LlB.
812 235 832 292 Ι.
1085 237 1126 304 21

151 397 230 464 Non
253 419 336 483 quse
360 398 398 464 de
422 399 525 466 lerdis
550 403 722 467 serventur
745 399 867 466 ritibus
890 421 972 466 urse

199 487 360 553 Dulcibus
385 491 443 553 sui
466 493 593 555 certent
618 511 700 576 qnae
724 488 888 554 melimela
910 487 1009 574 feris,

122 574 231 642 oNon
252 576 326 660 pire
349 597 433 661 quae
456 577 556 663 longe
579 578 722 664 pendent
744 578 885 662 religate
907 580 1044 664 genesis

198 665 268 729 Ani
290 665 422 730 imitate
444 666 558 732 breves
584 667 705 733 Punice
728 689 832 754 grene
854 687 961 752 rosas,

152 752 291 818 Rustica
313 755 473 820 lactentes
495 777 556 822 nec
579 756 670 820 misii
692 753 826 822 Sassina
849 759 954 821 meles

199 841 268 907 Nec
292 841 331 908 de
357 841 484 912 Picenis
508 844 598 910 venii
620 845 708 910 olive
730 843 833 910 cadis:

151 929 271 996 Nudus
296 953 387 1016 sper,
411 931 468 996 sed
492 935 526 997 ei
549 932 603 999 hic
622 931 779 998 'minimus
804 931 973 1018 qualisque
996 931 1105 1000 necari

107 1036 141 1084 ro
198 1019 231 1083 A
252 1041 320 1084 non
343 1023 471 1086 armaio
494 1021 674 1106 pumilione
698 1023 817 1106 potest.
1068 1094 1071 1099 ,

151 1107 200 1172 Er
217 1106 301 1172 nihil
319 1108 394 1174 inde
413 1109 525 1174 delum
541 1114 604 1194 esi3
622 1113 753 1175 iunium
768 1110 985 1194 spectavimus
1001 1131 1127 1175 omnes:

200 1195 326 1261 Ponere
349 1219 465 1282 eprnm
488 1198 584 1263 nobis
608 1199 654 1264 sic
678 1201 711 1264 ei
734 1199 856 1264 harene
880 1198 972 1264 solen

152 1283 301 1348 Ponatur
324 1285 385 1350 iibi
408 1285 518 1352 nullus
542 1309 623 1374 aper
644 1291 722 1373 posi
743 1287 826 1352 ielis
847 1287 948 1371 facta,

199 1370 263 1437 Sed
285 1376 322 1438 iu
346 1373 481 1458 poneris
505 1376 557 1441 cui
580 1375 793 1442 Charidemus
817 1396 906 1461 apro.

562 1515 678 1582 XLIV.

152 1621 310 1688 Lascivos
333 1623 484 1709 leporum
507 1645 621 1690 cursus
644 1624 799 1708 lususque
822 1624 953 1691 leonum

200 1709 293 1786 Quod
316 1714 423 1778 maior
445 1713 541 1778 nobis
564 1711 680 1779 cherin
703 1712 872 1797 minorque
896 1713 983 1800 gerii

151 1800 202 1866 Et
224 1801 276 1864 bis
300 1800 386 1866 idem
408 1800 560 1885 fecimus,
583 1801 721 1867 nimium
744 1801 786 1883 si,
810 1799 926 1886 Stella,
949 1799 1077 1866 videbor
1117 1849 1122 1856 -

139 1923 152 1974 p
200 1887 273 1964 Hoc
296 1889 373 1975 tibi,
395 1890 446 1956 bis
470 1892 614 1977 leporem
637 1894 675 1956 iu
699 1911 826 1976 quoque
849 1910 934 1976 pone
956 1887 1048 1964 mihi.
1086 1974 1087 1978 Ἰ

477 2037 480 2045 ⁴
570 2029 670 2096 XLV.

108 2157 113 2194 ι
152 2135 256 2203 Edita
277 2159 319 2202 ne
342 2137 496 2204 brevibus
520 2142 634 2224 peresi
652 2137 738 2203 mihi
761 2159 838 2203 cure
860 2134 996 2221 libellis,

202 2223 338 2292 Dicaiur
360 2227 471 2314 polius
498 2229 567 2292 Τὸν
590 2224 621 2292 d’
649 2225 933 2310 duuperssdpevoc?

155 2473 242 2541 Cum
266 2474 353 2559 dicis,
369 2474 547 2562 ‚,Propero‚
565 2367 681 2540 {sldvsli
699 2473 812 2557 fecis,“
833 2471 975 2560 Hedyle,
997 2472 1133 2558 languet

205 2562 360 2630 Protinus
385 2567 419 2630 ei
441 2567 548 2630 cessei
572 2563 745 2630 debilitata
765 2561 886 2628 Venus.

155 2651 341 2734 Expeciere
363 2651 453 2719 iube:
476 2653 621 2719 velocius
642 2651 698 2718 ibo
721 2653 878 2718 reienius.
951 2669 952 2672 ’

203 2739 344 2827 Hedyle,
368 2741 397 2807 si
418 2762 590 2828 properes,
613 2739 664 2807 die
687 2739 784 2825 mihi,
804 2761 845 2805 ne
867 2762 1049 2828 properem.

558 2879 690 2948 XLVII.
777 2876 778 2880 ’

155 2987 273 3078 Nuper
296 2992 369 3054 ersi
388 2988 547 3072 medicus,
568 3011 655 3054 nunc
678 2993 728 3054 esi
751 2987 883 3074 vispillo
906 2961 1067 3056 Disnlnsr

205 3075 298 3156 Quod
320 3077 452 3166 vispillo
476 3078 570 3163 fecii,
592 3077 716 3144 feceret
738 3082 771 3143 ei
793 3078 945 3145 medicus.

548 3218 700 3287 XLVIII.

157 3323 310 3391 Rictibus
333 3324 386 3391 his
410 3329 522 3392 lauros
544 3348 612 3392 non
636 3326 782 3412 eripuere
805 3325 972 3410 magistri,
1049 3377 1051 3382 2

204 3411 268 3478 Per
292 3435 374 3498 quos
397 3415 518 3517 praede
540 3415 642 3502 fugax
663 3415 754 3502 iique
776 3413 923 3500 reditque
946 3413 1052 3500 lepus;

11 3525 21 3556 ι.
158 3500 318 3587 Quodque
341 3524 448 3589 megrs
472 3503 606 3588 mirum,
628 3505 771 3570 velocior
794 3502 863 3569 exii
883 3502 925 3569 ab
947 3502 1043 3568 hoste

203 3590 274 3658 Nec
295 3590 380 3658 nihil
403 3614 424 3658 e
446 3595 540 3658 iente
562 3593 736 3659 nobiliieie
758 3591 868 3658 referi
